4958 7016
93 74 4408 265 Bergère ô tour Eiffel le troupeau des ponts bêle ce matin

109 378 4685 276 Tu en as assez de vivre dans l'antiquité grecque et romaine

94 686 4236 257 Ici même les automobiles ont l'air d'être anciennes

124 974 4296 300 La religion seule est restée toute neuve, la religion

124 1325 4354 300 Est restée simple comme les hangars de Port-Aviation

132 1652 4389 265 Seul en Europe tu n'es pas antique ô Christianisme

167 1980 4218 249 L'Européen le plus moderne c'est vous Pape Pie X

163 2315 4327 245 Et toi que les fenêtres observent la honte te retient

163 2646 4327 265 D'entrer dans une église et de t'y confesser ce matin

249 2958 4564 253 Tu lis les prospectus les catalogues les affiches qui chantent

249 3317 1045 175 tout haut

167 3636 4584 246 Voilà la poésie ce matin et pour la prose il y a les journaux

105 3928 4603 234 Il y a les livraisons à 25 centimes pleines d'aventures policières

105 4283 4202 211 Portraits des grands hommes et mille titres divers

99 4589 4525 246 J'ai vu ce matin une jolie rue dont j'ai oublié le

120 4996 491 149 nom

124 5304 4171 191 Neuve et propre du soleil elle était le clairon

144 5581 4256 199 Les directeurs les ouvriers et les belles sténo-

140 5905 1333 218 dactylographes

181 6185 4280 234 Du lundi au samedi soir quatre fois par jour y

187 6536 619 195 passent
