4958 7016
144 55 3859 323 le matin par trois fois la sirène y gémit

136 378 3485 296 Une cloche rageuse y aboie vers midi

140 670 3987 355 Les inscriptions des enseignes et des murailles

148 990 3858 346 Les plaques les avis à la façon des perroquets

152 1430 791 210 criaillent

152 1607 3560 411 J'aime la grâce de cette rue industrielle

226 1894 4346 288 Située à Paris entre la rue Aumont-Thiéville et

183 2338 1173 211 l'avenue des

237 2650 546 175 Ternes

152 2868 4240 324 Voilà la jeune rue et tu n'es pas encore qu'un petit

128 3340 616 187 enfant

148 3535 3656 316 Ta mère ne t'habille que de bleu et de blanc

194 3839 3992 269 Tu es très pieux et avec le plus ancien de tes

144 4169 1636 251 camarades René

140 4525 686 191 Dalize

140 4656 4030 399 Vous n'aimez rien tant que les pompes de l'Église

159 5090 3906 288 Il est neuf heures le gaz est baissé tout bleu

116 5558 1341 187 vous sortez du

163 5792 1684 210 dortoir en cachette

152 6029 4182 254 Vous priez toute la nuit dans la chapelle du collège

187 6306 4326 269 Tandis qu'éternelle et adorable profondeur améthyste

187 6591 4143 308 Tourne à jamais la flamboyante gloire du Christ
