4958 7016
183 93 3375 292 C'est le beau lys que tous nous cultivons

210 304 4358 343 C'est la torche aux cheveux roux que n'éteint pas

210 732 725 195 le vent

257 834 4346 311 C'est le fils pâle et vermeil de la douloureuse

155 1329 527 152 mère

183 1520 4190 288 C'est l'arbre toujours touffu de toutes les prières

233 1785 4113 308 C'est la double potence de l'honneur et de

144 2237 861 210 l'éternité

159 2467 2721 241 C'est l'étoile à six branches

210 2732 3886 257 C'est le Dieu qui meurt le vendredi et

229 3051 2203 207 ressuscite le dimanche

226 3297 4373 273 C'est le Christ qui monte au ciel mieux que

194 3695 1131 183 les aviateurs

187 3936 4342 269 Il détient le record du monde pour la hauteur

257 4264 2093 276 Pupille Christ de l'oeil

237 4603 3875 284 Vingtième pupille des siècles il sait y faire

206 4961 3929 277 Et changé en oiseau ce siècle comme Jésus

187 5320 1489 218 monte dans l'air

214 5581 4502 253 Les diables dans les abîmes lèvent la tête pour le regarder

241 5862 4132 253 Ils disent qu'il imite Simon Mage en Judée

229 6166 4237 280 Ils crient s'il sait voler qu'on l'appelle voleur

249 6505 3886 277 Les anges voltigent autour du joli voltigeur
