4958 7016
140 198 3621 219 Icare Enoch Elie Apollonius de Thyane

280 479 3422 253 Flottent autour du premier aéroplane

144 814 4506 234 Ils s'écartent parfois pour laisser passer ceux que transporte

113 1145 2136 203 la Sainte-Eucharistie

175 1449 4432 207 Ces prêtres qui montent éternellement élevant l'hostie

202 1761 3703 191 L'avion se pose enfin sans refermer les ailes

152 2069 3862 187 Le ciel s'emplit alors de millions d'hirondelles

159 2362 4167 198 À tire-d'aile viennent les corbeaux les faucons les

152 2669 619 195 hiboux

148 3009 4459 233 D'Afrique arrivent les ibis les flamants les marabouts

171 3336 4334 199 L'oiseau Roc célébré par les conteurs et les poètes

167 3675 4151 199 Plane tenant dans les serres le crâne d'Adam la

120 4010 1033 211 première tête

155 4330 4292 199 L'aigle fond de l'horizon en poussant un grand cri

136 4587 3181 226 Et d'Amérique vient le petit colibri

159 4864 4163 242 De Chine sont venus les pihis longs et souples

155 5187 4495 207 Qui n'ont qu'une seule aile et qui volent par couples

113 5515 3278 195 Puis voici la colombe esprit immaculé

167 5838 3933 215 Qu'escortent l'oiseau-lyre et le paon ocellé

190 6174 3937 237 Le phénix ce bûcher qui soi-même s'engendre

206 6509 4003 179 Un instant voile tout de son ardente cendre
