4958 7016
163 116 3422 262 Les sirènes laissant les périlleux détroits

190 440 3633 292 Arrivent en chantant bellement toutes trois

226 717 3582 280 Et tous aigle phénix et pihis de la Chine

198 1032 3243 250 Fraternisent avec la volante machine

175 1309 4030 261 Maintenant tu marches dans Paris tout seul parmi

237 1664 733 222 la foule

187 1894 4373 265 Des troupeaux d'autobus mugissants près de toi roulent

272 2186 3313 292 L'angoisse de l'amour te serre le gosier

194 2498 3766 269 Comme si tu ne devais jamais plus être aimé

206 2845 4081 226 Si tu vivais dans l'ancien temps tu entrerais

206 3211 1816 187 dans un monastère

210 3472 4249 242 Vous avez honte quand vous vous surprenez à dire

144 3809 955 232 une prière

222 4100 4303 253 Tu te moques de toi et comme le feu de l'Enfer

175 4443 1454 222 ton rire pétille

210 4708 4007 230 Les étincelles de ton rire dorent le fond de ta vie

241 5024 3875 222 C'est un tableau pendu dans un sombre musée

152 5308 3227 304 Et quelquefois tu vas le regarder de près

128 5636 4034 319 Aujourd'hui tu marches dans Paris les femmes

116 6033 1602 191 sont ensanglantées

183 6263 4287 261 C'était et je voudrais ne pas m'en souvenir c'était au

218 6567 1606 215 déclin de la beauté
