<?xml version="1.0" encoding="UTF-8"?>
<alto xmlns:xsi="http://www.w3.org/2001/XMLSchema-instance"
      xmlns="http://www.loc.gov/standards/alto/ns-v4#"
      xsi:schemaLocation="http://www.loc.gov/standards/alto/ns-v4# http://www.loc.gov/standards/alto/v4/alto-4-2.xsd">
  <Description>
    <MeasurementUnit>pixel</MeasurementUnit>
    <sourceImageInformation>
      <fileName>0009.png</fileName>
      
    </sourceImageInformation>
  </Description>
  
  <Tags>
    <OtherTag ID="BT5053" LABEL="MainZone" DESCRIPTION="block type MainZone"/>
    <OtherTag ID="LT1649" LABEL="DefaultLine" DESCRIPTION="line type DefaultLine"/>
  </Tags>
  
  <Layout>
    <Page WIDTH="4958"
          HEIGHT="7016"
          PHYSICAL_IMG_NR="8"
          ID="eSc_dummypage_">
      <PrintSpace HPOS="0"
                  VPOS="0"
                  WIDTH="4958"
                  HEIGHT="7016">
        
        <TextBlock HPOS="62"
                   VPOS="62"
                   WIDTH="4798"
                   HEIGHT="6763"
                   ID="eSc_textblock_80a3d8cc"
                   TAGREFS="BT5053">
          <Shape><Polygon POINTS="3940 62 4143 136 3987 276 3535 385 2089 417 1976 479 2058 530 3862 483 4100 608 4829 686 4860 838 4813 931 4486 1013 4501 1134 4611 1200 4642 1309 4626 1539 4486 1773 2416 1898 2135 1960 2116 2007 2178 2022 2085 2058 2100 2147 1913 2229 2042 2338 4408 2478 4361 2646 4096 2759 4112 2911 4221 3024 4221 3301 4065 3519 4209 3617 4501 3648 4564 3710 4548 3909 4361 4069 4517 4240 4564 4657 4470 4766 4116 4829 4003 4911 4100 5004 4486 5113 4455 5328 4236 5456 4314 6061 4439 6236 4392 6435 3815 6497 1637 6528 1231 6622 1181 6762 1071 6825 202 6825 93 6076 62 5125 109 4735 77 3882 171 2958 171 2463 124 2412 171 2245 109 2120 202 2038 171 1855 218 1757 187 795 93 639 187 541 187 93 265 62"/></Shape>
          
          
          <TextLine ID="eSc_line_0e971f7c"
                    TAGREFS="LT1649"
                    BASELINE="233 253 1500 253 2903 198 3979 187" 
                    HPOS="229"
                    VPOS="85"
                    WIDTH="3750"
                    HEIGHT="230">
            <Shape><Polygon POINTS="233 272 354 304 358 304 892 265 1044 315 1048 315 1052 315 1660 296 1664 296 1711 268 1761 300 1765 300 1769 300 1773 300 2003 296 2007 296 2011 296 2058 265 2459 257 2463 257 2502 237 2506 233 2514 237 2545 253 2549 253 2553 253 2693 233 2701 233 2751 257 2755 257 2759 257 3067 226 3094 226 3106 226 3258 257 3262 257 3496 218 3539 214 3550 218 3621 249 3624 249 3628 249 3737 241 3741 241 3745 241 3776 214 3784 210 3796 214 3854 237 3858 237 3862 237 3979 210 3979 187 3971 132 3878 109 3874 109 3870 109 3827 132 3823 132 3796 132 3640 116 3636 116 3632 116 3605 132 3589 140 3297 140 3285 132 3211 85 3207 85 3203 85 3122 85 3118 85 3114 85 3009 132 2919 89 2915 89 2911 89 2755 93 2751 93 2747 93 2693 132 2681 140 2666 132 2599 105 2595 105 2592 105 2588 105 2584 105 2537 132 2494 159 2420 132 2338 105 2334 105 2330 105 2326 105 2256 132 2206 155 2159 136 2155 136 2151 136 2034 152 2007 136 1968 109 1964 109 1960 109 1898 109 1894 109 1890 109 1886 109 1847 136 1789 175 1356 179 1223 136 1220 136 1216 136 1212 136 1208 136 1204 136 1130 187 1079 187 990 140 986 140 982 140 978 140 838 190 701 155 697 155 229 140 233 253 233 272"/></Shape>
	    <String CONTENT="Entourée de flammes ferventes de Notre-Dame m&#x27;a"
                    HPOS="229"
                    VPOS="85"
                    WIDTH="3750"
                    HEIGHT="230"></String>
          </TextLine>

          
          
          <TextLine ID="eSc_line_cb58039a"
                    TAGREFS="LT1649"
                    BASELINE="233 533 1711 502" 
                    HPOS="229"
                    VPOS="393"
                    WIDTH="1482"
                    HEIGHT="199">
            <Shape><Polygon POINTS="233 533 233 569 249 584 249 588 253 588 257 588 261 588 265 588 268 588 307 561 385 592 389 592 393 592 701 576 705 576 779 541 787 537 857 537 1504 561 1508 561 1512 561 1516 561 1516 557 1520 557 1535 537 1676 545 1679 545 1683 545 1687 545 1687 541 1711 514 1711 502 1703 436 1555 428 1485 393 1481 393 1477 393 1473 393 1469 393 1469 397 1426 436 1301 436 1262 401 1262 397 1258 397 1255 397 1153 397 1149 397 1145 397 1142 397 1142 401 1095 448 1095 452 1032 452 1032 448 970 401 966 401 962 401 958 401 892 405 888 405 884 405 884 409 838 452 838 456 756 456 752 456 674 409 670 409 666 409 662 409 658 409 654 409 584 459 580 459 459 424 456 424 452 424 448 424 444 424 401 463 307 428 304 428 300 428 296 428 229 459 233 533"/></Shape>
	    <String CONTENT="regardé à Chartres"
                    HPOS="229"
                    VPOS="393"
                    WIDTH="1482"
                    HEIGHT="199"></String>
          </TextLine>

          
          
          <TextLine ID="eSc_line_85c901c3"
                    TAGREFS="LT1649"
                    BASELINE="265 877 3184 806 4435 799 4817 822" 
                    HPOS="261"
                    VPOS="669"
                    WIDTH="4556"
                    HEIGHT="258">
            <Shape><Polygon POINTS="265 908 311 927 315 927 319 927 323 927 401 908 456 892 491 904 545 927 549 927 553 927 997 919 1001 919 1079 896 1165 873 1329 892 1364 896 1368 896 1395 892 1555 865 2089 873 2093 873 2256 849 2560 877 2588 877 2592 877 2595 877 2603 877 2708 838 2845 838 2919 865 2923 865 2927 865 2931 865 3028 834 3476 861 3535 865 3539 865 3543 865 3546 865 3550 861 3582 845 3745 849 3749 849 3753 849 3815 818 3971 818 4045 853 4053 857 4057 857 4061 857 4080 853 4233 818 4392 845 4396 845 4817 841 4817 822 4813 717 4630 701 4626 701 4490 717 4455 721 4447 717 4346 674 4342 674 4338 674 4334 674 4229 709 4139 678 4135 678 4131 678 4127 678 4094 706 4053 669 3815 669 3812 686 3808 686 3804 686 3800 686 3671 724 3628 736 3519 724 3383 713 3379 713 3375 713 3371 713 3348 728 3332 736 3309 728 3285 721 3281 721 3278 721 3274 721 3258 728 3223 748 3009 748 2935 732 2857 713 2853 713 2849 713 2814 732 2771 756 2669 732 2658 732 2654 732 2650 732 2642 732 2576 756 2517 736 2463 713 2459 713 2455 713 2365 717 2362 717 2323 736 2284 756 2241 736 2198 721 2194 721 2050 721 2046 721 2042 721 2038 721 2011 740 1980 756 1894 740 1804 724 1800 724 1711 728 1707 728 1679 740 1605 779 1411 744 1356 736 1352 736 1348 736 1317 744 1181 787 1029 760 1025 760 1021 760 1017 760 962 795 530 799 261 756 265 877"/></Shape>
	    <String CONTENT="Le sang de votre Sacré-Coeur m&#x27;a inondé à Montmartre"
                    HPOS="261"
                    VPOS="669"
                    WIDTH="4556"
                    HEIGHT="258"></String>
          </TextLine>

          
          
          <TextLine ID="eSc_line_012877f5"
                    TAGREFS="LT1649"
                    BASELINE="307 1188 483 1165 1956 1114 3328 1095 3628 1075 4377 1079" 
                    HPOS="304"
                    VPOS="962"
                    WIDTH="4073"
                    HEIGHT="250">
            <Shape><Polygon POINTS="307 1188 307 1212 436 1212 440 1212 444 1212 495 1177 549 1208 553 1208 557 1212 619 1212 647 1212 647 1208 650 1208 841 1169 1091 1196 1095 1196 1114 1196 1469 1184 1672 1149 2319 1153 2323 1153 2475 1134 2654 1161 2677 1161 2681 1161 2728 1157 2935 1134 2974 1149 2981 1153 2985 1153 2989 1153 2993 1153 3001 1149 3048 1130 3215 1145 3235 1145 3239 1145 3242 1145 3250 1145 3375 1110 4373 1114 4377 1079 4373 1005 3851 997 3706 962 3702 962 3699 962 3695 962 3636 1001 3539 966 3535 966 3531 966 3394 970 3391 970 3387 970 3313 1017 3297 1029 3192 1029 3168 1021 3071 978 3067 978 3063 978 3059 978 3055 978 2985 1025 2966 1036 2654 1040 2619 1029 2521 990 2517 990 2514 990 2416 993 2412 993 2326 1032 2291 1048 2206 1036 2007 1001 2003 1001 1909 1005 1906 1005 1902 1005 1847 1040 1812 1064 1629 1064 1586 1044 1524 1013 1520 1013 1516 1013 1512 1013 1508 1013 1457 1044 1453 1048 1442 1044 1333 1017 1329 1017 1325 1017 1321 1017 1262 1048 1231 1067 1099 1075 1048 1052 1040 1048 1036 1048 1032 1048 1029 1048 1017 1052 951 1079 767 1056 760 1056 756 1056 752 1056 693 1083 576 1067 572 1067 569 1067 506 1087 456 1060 417 1040 413 1040 409 1040 304 1060 307 1188"/></Shape>
	    <String CONTENT="Je suis malade d&#x27;ouïr les paroles bienheureuses"
                    HPOS="304"
                    VPOS="962"
                    WIDTH="4073"
                    HEIGHT="250"></String>
          </TextLine>

          
          
          <TextLine ID="eSc_line_2a996e31"
                    TAGREFS="LT1649"
                    BASELINE="374 1446 740 1426 4603 1426" 
                    HPOS="370"
                    VPOS="1309"
                    WIDTH="4233"
                    HEIGHT="179">
            <Shape><Polygon POINTS="374 1446 374 1473 958 1449 1075 1469 1079 1469 1403 1457 1430 1473 1453 1485 1457 1485 1461 1488 1668 1488 1668 1485 1672 1485 1695 1473 1730 1453 1765 1473 1792 1485 1796 1485 1800 1488 2280 1488 2280 1485 2284 1485 2315 1473 2369 1449 2479 1469 2482 1469 2677 1449 2720 1469 2728 1473 2732 1473 2736 1473 2806 1469 3157 1449 3196 1469 3223 1485 3227 1485 3231 1485 3324 1469 3445 1449 3500 1469 3504 1469 3508 1469 3527 1469 3773 1449 4595 1465 4603 1426 4599 1360 4459 1336 4455 1336 4451 1336 4420 1352 4287 1309 4283 1309 4279 1309 4275 1309 4178 1336 4123 1309 4119 1309 3925 1309 3921 1309 3917 1309 3854 1344 3788 1309 3784 1309 3780 1309 3628 1340 3566 1309 3562 1309 3465 1309 3461 1309 3457 1309 3356 1348 3328 1356 3281 1348 3203 1333 3200 1333 3196 1333 3161 1344 3129 1356 2935 1344 2794 1336 2790 1336 2747 1344 2669 1356 2638 1340 2595 1321 2592 1321 2588 1321 2451 1340 2342 1356 2299 1340 2229 1309 2225 1309 2132 1309 2128 1309 2124 1309 2069 1336 2034 1356 1921 1336 1913 1336 1909 1336 1906 1336 1863 1360 1438 1360 1387 1333 1344 1309 1340 1309 1336 1309 1333 1309 1278 1329 1231 1348 1181 1329 1126 1309 1122 1309 1118 1309 1114 1309 1075 1329 1029 1352 670 1352 623 1325 592 1309 588 1309 584 1309 370 1321 374 1446"/></Shape>
	    <String CONTENT="L&#x27;amour dont je souffre est une maladie honteuse"
                    HPOS="370"
                    VPOS="1309"
                    WIDTH="4233"
                    HEIGHT="179"></String>
          </TextLine>

          
          
          <TextLine ID="eSc_line_9cdcb9c9"
                    TAGREFS="LT1649"
                    BASELINE="280 1750 1313 1730 4435 1715" 
                    HPOS="276"
                    VPOS="1609"
                    WIDTH="4159"
                    HEIGHT="199">
            <Shape><Polygon POINTS="280 1750 280 1761 346 1792 350 1792 354 1792 487 1765 760 1792 763 1792 978 1761 982 1761 1071 1804 1075 1804 1079 1808 1204 1808 1204 1804 1208 1804 1290 1761 1336 1761 1411 1761 1492 1804 1496 1804 1500 1804 1640 1800 1644 1800 1746 1757 1750 1757 1835 1757 1843 1757 1898 1789 1902 1789 1906 1789 2034 1769 2104 1800 2108 1800 2112 1800 2237 1796 2241 1796 2346 1757 2350 1757 2365 1757 2701 1777 2705 1777 2708 1777 2771 1757 2790 1750 2802 1757 2857 1789 2860 1789 2864 1789 2868 1789 2872 1789 2962 1761 3020 1792 3024 1792 3028 1796 3231 1796 3231 1792 3398 1765 3445 1789 3449 1789 3453 1789 3624 1757 3948 1789 3952 1789 3956 1789 4022 1754 4026 1754 4431 1754 4435 1715 4427 1652 4182 1640 4127 1609 4123 1609 4119 1609 4116 1609 3960 1648 3940 1652 3870 1648 3527 1625 3523 1625 3519 1625 3457 1648 3445 1652 3433 1648 3367 1613 3363 1613 3359 1613 3196 1637 3114 1617 3110 1617 3106 1617 3102 1617 3098 1617 3051 1648 3032 1656 3009 1644 2935 1617 2931 1617 2833 1617 2829 1617 2825 1617 2751 1644 2712 1660 2673 1644 2603 1621 2599 1621 2595 1621 2330 1644 2108 1664 2022 1644 1941 1625 1937 1625 1933 1625 1867 1644 1816 1656 1792 1644 1757 1625 1754 1625 1750 1625 1746 1625 1703 1644 1652 1668 1492 1672 1270 1672 1161 1640 1149 1640 1145 1640 1130 1640 997 1660 904 1640 865 1633 861 1633 857 1633 826 1640 767 1656 740 1640 728 1633 724 1633 721 1633 588 1633 584 1633 580 1633 569 1640 522 1664 475 1640 459 1633 456 1633 452 1633 276 1637 280 1750"/></Shape>
	    <String CONTENT="Et l&#x27;image qui te possède te fait survivre dans"
                    HPOS="276"
                    VPOS="1609"
                    WIDTH="4159"
                    HEIGHT="199"></String>
          </TextLine>

          
          
          <TextLine ID="eSc_line_10ab3874"
                    TAGREFS="LT1649"
                    BASELINE="272 2019 1995 2030" 
                    HPOS="268"
                    VPOS="1929"
                    WIDTH="1727"
                    HEIGHT="152">
            <Shape><Polygon POINTS="272 2019 268 2046 378 2073 381 2073 385 2073 444 2054 845 2077 849 2081 1181 2081 1181 2077 1184 2077 1188 2077 1188 2073 1204 2061 1208 2058 1255 2061 1473 2081 1477 2081 1481 2081 1512 2065 1520 2061 1527 2065 1566 2081 1570 2081 1574 2081 1991 2069 1995 2030 1995 1976 1808 1972 1761 1937 1757 1937 1754 1937 1652 1937 1648 1937 1644 1937 1640 1937 1640 1941 1609 1968 1512 1968 1485 1941 1485 1937 1481 1937 1477 1937 1473 1937 1469 1937 1368 1968 1192 1968 1126 1933 1122 1933 1118 1933 1114 1933 1052 1968 849 1968 639 1929 635 1929 444 1960 366 1929 362 1929 358 1929 354 1929 272 1960 272 2019"/></Shape>
	    <String CONTENT="l&#x27;insomnie et dans"
                    HPOS="268"
                    VPOS="1929"
                    WIDTH="1727"
                    HEIGHT="152"></String>
          </TextLine>

          
          
          <TextLine ID="eSc_line_a6feb6a3"
                    TAGREFS="LT1649"
                    BASELINE="226 2323 1149 2315" 
                    HPOS="222"
                    VPOS="2213"
                    WIDTH="927"
                    HEIGHT="180">
            <Shape><Polygon POINTS="226 2323 226 2342 304 2381 307 2381 311 2381 315 2381 417 2342 682 2393 686 2393 689 2393 693 2393 767 2342 787 2362 791 2362 795 2362 799 2362 802 2362 806 2362 830 2346 1052 2365 1056 2365 1060 2365 1149 2330 1149 2315 1138 2249 958 2249 896 2217 892 2217 802 2217 799 2217 795 2217 686 2249 631 2221 627 2221 623 2221 619 2221 615 2221 615 2225 584 2252 584 2256 549 2256 518 2256 487 2225 487 2221 483 2221 479 2221 475 2221 471 2221 413 2245 385 2217 385 2213 381 2213 378 2213 261 2213 257 2213 253 2213 249 2213 249 2217 222 2241 226 2323"/></Shape>
	    <String CONTENT="l&#x27;angoisse"
                    HPOS="222"
                    VPOS="2213"
                    WIDTH="927"
                    HEIGHT="180"></String>
          </TextLine>

          
          
          <TextLine ID="eSc_line_10e8c64a"
                    TAGREFS="LT1649"
                    BASELINE="229 2603 1640 2568 3847 2537 4377 2545" 
                    HPOS="226"
                    VPOS="2455"
                    WIDTH="4151"
                    HEIGHT="195">
            <Shape><Polygon POINTS="4357 2475 4318 2471 4279 2471 4240 2467 4201 2463 4162 2463 4123 2459 4092 2459 4022 2475 4010 2475 3878 2475 3001 2471 2997 2471 2872 2490 2829 2494 2818 2490 2751 2455 2747 2455 2662 2455 2658 2455 2459 2494 2412 2502 2369 2494 2178 2463 2174 2463 2171 2463 2089 2498 2073 2506 2058 2498 1968 2467 1964 2467 1960 2467 1956 2467 1952 2467 1898 2502 1886 2510 1847 2502 1687 2471 1683 2471 1461 2475 1457 2475 1453 2475 1403 2510 1383 2517 1239 2510 787 2486 783 2486 779 2486 775 2486 728 2517 709 2529 682 2517 611 2490 608 2490 604 2490 452 2521 393 2533 370 2521 311 2494 307 2494 304 2494 300 2494 226 2521 229 2603 229 2611 311 2650 315 2650 319 2650 323 2650 397 2615 592 2627 596 2627 600 2627 658 2607 662 2607 670 2607 744 2638 748 2638 752 2638 756 2638 799 2619 1169 2646 1173 2646 1383 2603 1449 2592 1551 2603 1609 2607 1613 2607 1699 2599 1863 2588 1886 2599 1925 2619 1929 2619 1933 2623 2026 2623 2026 2619 2030 2619 2077 2599 2112 2584 2147 2599 2202 2619 2206 2619 2210 2619 2319 2595 2424 2576 2525 2595 2595 2607 2599 2607 2825 2599 2829 2599 2845 2592 2884 2576 2923 2592 2931 2595 2935 2595 2938 2595 3051 2592 3157 2588 3165 2592 3196 2611 3200 2611 3203 2611 3207 2611 3426 2607 3430 2607 3476 2588 3539 2560 3597 2588 3632 2603 3636 2603 3640 2607 3722 2607 3722 2603 3726 2603 3757 2588 3800 2564 3878 2584 3928 2599 3932 2599 3936 2599 4377 2580 4377 2545 4373 2475 4357 2475"/></Shape>
	    <String CONTENT="c&#x27;est toujours très de toi cette image qui passe"
                    HPOS="226"
                    VPOS="2455"
                    WIDTH="4151"
                    HEIGHT="195"></String>
          </TextLine>

          
          
          <TextLine ID="eSc_line_ac162f82"
                    TAGREFS="LT1649"
                    BASELINE="237 2915 2475 2845 4003 2864" 
                    HPOS="233"
                    VPOS="2728"
                    WIDTH="3770"
                    HEIGHT="218">
            <Shape><Polygon POINTS="237 2915 237 2927 265 2946 268 2946 272 2946 276 2946 873 2938 1099 2915 1239 2899 1270 2911 1301 2927 1305 2927 1309 2931 1481 2931 1481 2927 1485 2927 1488 2927 1512 2911 1539 2896 1831 2907 1878 2907 1882 2907 1898 2907 2046 2884 2085 2903 2093 2907 2097 2907 2100 2907 2104 2907 2116 2903 2182 2884 2927 2888 2931 2888 2935 2888 2989 2868 3063 2896 3075 2899 3079 2899 3083 2899 3180 2896 3433 2876 3995 2884 4003 2864 3999 2767 3913 2744 3909 2744 3905 2744 3901 2744 3823 2771 3819 2775 3527 2775 3515 2771 3387 2728 3383 2728 3379 2728 3063 2736 3059 2736 3055 2736 2993 2775 2981 2783 2970 2775 2907 2740 2903 2740 2818 2740 2814 2740 2810 2740 2728 2775 2697 2790 2673 2775 2623 2744 2619 2744 2615 2744 2611 2744 2607 2744 2521 2779 2475 2798 2420 2798 2389 2779 2342 2747 2338 2747 2334 2747 2330 2747 2326 2747 2229 2779 2210 2783 2186 2779 2058 2751 2054 2751 2050 2751 2046 2751 2007 2779 1983 2794 1867 2779 1843 2779 1839 2779 1835 2779 1831 2779 1789 2806 1644 2783 1617 2779 1613 2779 1609 2779 1594 2783 1492 2810 1446 2783 1414 2763 1411 2763 1407 2763 1356 2763 1352 2763 1348 2763 1344 2763 1317 2783 1274 2814 1157 2783 1134 2779 1130 2779 1126 2779 1122 2779 1110 2783 1044 2821 880 2821 693 2786 647 2779 643 2779 639 2779 635 2779 623 2786 557 2825 432 2818 385 2786 378 2783 374 2783 370 2783 366 2783 233 2786 237 2915"/></Shape>
	    <String CONTENT="Maintenant tu es au bord de la Méditerranée"
                    HPOS="233"
                    VPOS="2728"
                    WIDTH="3770"
                    HEIGHT="218"></String>
          </TextLine>

          
          
          <TextLine ID="eSc_line_cc235937"
                    TAGREFS="LT1649"
                    BASELINE="226 3211 1543 3164 4186 3180" 
                    HPOS="222"
                    VPOS="3051"
                    WIDTH="3964"
                    HEIGHT="184">
            <Shape><Polygon POINTS="226 3211 226 3235 849 3227 853 3227 908 3200 1044 3200 1103 3231 1106 3231 1110 3231 1114 3231 1130 3231 1375 3200 1828 3200 1878 3227 1890 3231 1894 3231 1898 3231 1933 3223 2069 3196 2428 3215 2432 3215 2615 3196 2689 3219 2724 3231 2728 3231 2732 3235 3001 3235 3001 3231 3005 3231 3009 3231 3028 3219 3048 3207 3063 3215 3090 3231 3094 3231 3098 3231 3246 3215 3301 3211 3328 3215 3406 3231 3410 3231 3519 3215 3652 3192 3761 3211 3843 3227 3847 3227 3851 3227 3917 3211 3948 3203 3964 3211 3995 3227 3999 3227 4003 3227 4182 3207 4186 3180 4182 3098 4077 3067 4073 3067 4069 3067 4065 3067 4006 3098 4003 3102 3788 3102 3784 3098 3660 3051 3656 3051 3582 3051 3578 3051 3574 3051 3570 3051 3511 3090 3457 3055 3453 3055 3449 3055 3445 3055 3297 3090 3196 3055 3192 3055 3188 3055 3184 3055 3180 3055 3118 3094 3102 3102 3009 3098 3005 3094 2942 3055 2938 3055 2935 3055 2767 3055 2763 3055 2759 3055 2638 3090 2599 3106 2529 3106 2506 3090 2467 3067 2463 3067 2459 3067 2455 3067 2295 3090 2202 3102 2022 3087 1902 3079 1898 3079 1894 3079 1890 3079 1878 3087 1851 3106 1679 3087 1551 3071 1547 3071 1473 3083 1399 3098 1360 3083 1297 3059 1294 3059 1208 3059 1204 3059 1200 3059 1142 3083 1079 3110 880 3110 834 3079 799 3059 795 3059 791 3059 678 3059 674 3059 670 3059 666 3059 635 3079 584 3110 452 3110 401 3079 370 3059 366 3059 362 3059 358 3059 222 3075 226 3211"/></Shape>
	    <String CONTENT="Sous les citronniers qui sont en fleur toute l&#x27;année"
                    HPOS="222"
                    VPOS="3051"
                    WIDTH="3964"
                    HEIGHT="184"></String>
          </TextLine>

          
          
          <TextLine ID="eSc_line_f177dbfa"
                    TAGREFS="LT1649"
                    BASELINE="202 3488 1792 3461 3878 3472" 
                    HPOS="198"
                    VPOS="3363"
                    WIDTH="3680"
                    HEIGHT="164">
            <Shape><Polygon POINTS="202 3488 202 3500 452 3527 456 3527 588 3500 619 3496 631 3500 670 3523 674 3523 678 3523 830 3500 873 3496 1036 3496 1052 3500 1087 3519 1091 3519 1095 3519 1403 3500 1492 3496 1500 3500 1539 3519 1543 3519 1547 3519 1886 3500 2030 3492 2046 3500 2081 3523 2085 3523 2089 3523 2093 3527 2221 3527 2221 3523 2225 3523 2229 3523 2264 3500 2280 3492 2899 3492 2915 3500 2954 3519 2958 3519 2962 3519 3133 3515 3137 3515 3141 3515 3168 3500 3184 3488 3274 3500 3453 3519 3457 3523 3617 3523 3617 3519 3621 3519 3660 3496 3679 3488 3706 3496 3769 3519 3773 3519 3776 3519 3874 3496 3878 3472 3874 3406 3562 3406 3469 3371 3465 3371 3461 3371 3457 3371 3398 3402 3246 3363 3242 3363 3239 3363 3235 3363 3231 3363 3172 3402 3016 3387 3012 3387 3009 3387 3005 3387 2981 3406 2977 3406 2868 3406 2779 3406 2658 3371 2654 3371 2650 3371 2646 3371 2595 3398 2272 3398 2186 3367 2182 3367 2178 3367 2174 3367 2058 3406 1999 3367 1995 3367 1991 3367 1820 3367 1816 3367 1812 3367 1808 3367 1750 3406 1691 3367 1687 3367 1683 3367 1609 3367 1605 3367 1520 3371 1516 3371 1512 3371 1461 3406 1375 3371 1372 3371 1368 3371 1364 3371 1301 3402 1188 3387 1184 3387 908 3410 880 3410 865 3410 635 3371 631 3371 627 3371 623 3371 557 3410 545 3410 261 3371 257 3371 253 3371 249 3371 198 3398 202 3488"/></Shape>
	    <String CONTENT="Avec tes amis tu te promènes en barque"
                    HPOS="198"
                    VPOS="3363"
                    WIDTH="3680"
                    HEIGHT="164"></String>
          </TextLine>

          
          
          <TextLine ID="eSc_line_910ee917"
                    TAGREFS="LT1649"
                    BASELINE="159 3784 1539 3769 2159 3788 4525 3800" 
                    HPOS="155"
                    VPOS="3675"
                    WIDTH="4370"
                    HEIGHT="172">
            <Shape><Polygon POINTS="159 3784 155 3819 311 3835 315 3835 420 3823 572 3804 623 3823 662 3839 666 3839 670 3839 674 3839 728 3823 810 3804 1142 3823 1145 3823 1687 3808 1730 3831 1734 3831 1738 3831 1742 3831 1769 3831 1882 3819 1906 3831 1929 3843 1933 3843 1937 3847 2077 3847 2077 3843 2081 3843 2104 3831 2135 3815 2225 3831 2249 3835 2252 3835 2256 3835 2264 3831 2307 3808 2354 3835 2373 3843 2377 3843 2381 3847 2533 3847 2533 3843 2576 3835 2697 3808 2911 3835 2946 3839 2950 3839 3012 3835 3301 3819 3535 3839 3632 3847 3636 3847 3683 3839 3843 3812 3983 3843 4010 3847 4014 3847 4018 3847 4034 3843 4112 3812 4182 3839 4186 3839 4517 3843 4525 3800 4521 3726 4334 3722 4256 3683 4252 3683 4248 3683 4244 3683 4166 3722 4162 3722 4147 3718 4003 3691 3999 3691 3995 3691 3928 3718 3913 3726 3574 3726 3546 3714 3469 3683 3465 3683 3461 3683 3457 3683 3402 3710 3379 3726 3196 3726 3165 3710 3106 3683 3102 3683 3098 3683 2974 3706 2950 3710 2919 3706 2736 3679 2732 3679 2728 3679 2681 3702 2650 3722 2089 3722 2042 3698 2026 3691 2022 3691 2019 3691 2015 3691 1995 3698 1945 3714 1898 3695 1859 3679 1855 3679 1851 3679 1769 3695 1652 3718 1601 3691 1574 3679 1570 3679 1566 3679 1391 3691 1309 3695 1223 3687 1064 3675 1060 3675 1056 3675 1017 3687 923 3714 861 3683 841 3675 838 3675 721 3675 717 3675 713 3675 697 3683 635 3714 401 3687 397 3687 393 3687 296 3714 229 3679 222 3675 218 3675 214 3675 159 3675 159 3784"/></Shape>
	    <String CONTENT="L&#x27;un est Nissard il y a un Mentonasque et deux"
                    HPOS="155"
                    VPOS="3675"
                    WIDTH="4370"
                    HEIGHT="172"></String>
          </TextLine>

          
          
          <TextLine ID="eSc_line_8bdfc1ed"
                    TAGREFS="LT1649"
                    BASELINE="190 4123 1239 4088" 
                    HPOS="183"
                    VPOS="3983"
                    WIDTH="1056"
                    HEIGHT="179">
            <Shape><Polygon POINTS="190 4123 190 4135 249 4162 253 4162 257 4162 510 4131 565 4155 569 4155 572 4155 576 4155 658 4123 884 4147 888 4147 1184 4127 1188 4127 1239 4100 1239 4088 1231 4018 795 4010 791 4010 787 4010 740 4034 615 4003 537 3983 533 3983 530 3983 526 3983 522 3983 498 3999 440 4041 389 4041 319 3995 315 3991 311 3991 307 3991 304 3991 183 3991 190 4123"/></Shape>
	    <String CONTENT="Turbiasques"
                    HPOS="183"
                    VPOS="3983"
                    WIDTH="1056"
                    HEIGHT="179"></String>
          </TextLine>

          
          
          <TextLine ID="eSc_line_f5057b83"
                    TAGREFS="LT1649"
                    BASELINE="136 4431 2385 4369 4466 4349" 
                    HPOS="132"
                    VPOS="4236"
                    WIDTH="4334"
                    HEIGHT="258">
            <Shape><Polygon POINTS="136 4431 136 4478 596 4435 678 4470 732 4494 736 4494 740 4494 935 4490 939 4490 1013 4462 1083 4431 1477 4420 1531 4443 1535 4443 1539 4443 1789 4412 1937 4439 2093 4466 2097 4466 2100 4466 2167 4431 2229 4400 2362 4400 2646 4404 2673 4420 2740 4455 2744 4455 2747 4455 2876 4451 2880 4451 2954 4412 2970 4404 2981 4412 3051 4447 3055 4447 3059 4451 3165 4451 3165 4447 3168 4447 3301 4404 3375 4381 3570 4385 3589 4396 3663 4435 3667 4435 3671 4435 3975 4431 3979 4431 4119 4385 4260 4385 4342 4412 4346 4412 4349 4412 4353 4412 4466 4373 4466 4349 4455 4275 4299 4275 4291 4275 4174 4240 4170 4240 4166 4240 4162 4240 4073 4275 4069 4279 4061 4279 3964 4236 3960 4236 3956 4236 3952 4236 3858 4279 3847 4287 3699 4287 3679 4279 3570 4240 3566 4240 3562 4240 3558 4240 3402 4283 3356 4295 3281 4283 3051 4252 3048 4252 3044 4252 2970 4287 2958 4287 2837 4283 2833 4283 2829 4283 2806 4291 2751 4307 2712 4291 2638 4260 2634 4260 2553 4260 2549 4260 2389 4264 2385 4264 2381 4264 2330 4295 2303 4310 2190 4295 2003 4271 1999 4271 1995 4271 1991 4271 1948 4299 1906 4322 1773 4299 1691 4287 1687 4287 1543 4295 1539 4295 1535 4295 1524 4303 1481 4330 1208 4307 1032 4291 1029 4291 1025 4291 982 4307 927 4330 713 4314 709 4314 705 4314 643 4349 526 4349 319 4314 265 4307 261 4307 132 4314 136 4431"/></Shape>
	    <String CONTENT="Nous regardons avec effroi les poulpes des profondeurs"
                    HPOS="132"
                    VPOS="4236"
                    WIDTH="4334"
                    HEIGHT="258"></String>
          </TextLine>

          
          
          <TextLine ID="eSc_line_17dd83d5"
                    TAGREFS="LT1649"
                    BASELINE="152 4724 2237 4642 4525 4642" 
                    HPOS="148"
                    VPOS="4537"
                    WIDTH="4377"
                    HEIGHT="229">
            <Shape><Polygon POINTS="152 4724 152 4747 253 4766 257 4766 261 4766 343 4747 428 4724 498 4743 580 4766 584 4766 588 4766 775 4739 849 4728 970 4735 1017 4735 1021 4735 1025 4735 1029 4735 1029 4731 1071 4708 1278 4728 1360 4735 1364 4735 1368 4735 1395 4728 1469 4700 1652 4724 1831 4743 1835 4743 1839 4743 1886 4720 1921 4696 2120 4689 2249 4689 2291 4712 2326 4728 2330 4728 2428 4731 2432 4731 2436 4731 2482 4708 2529 4681 2771 4677 2989 4696 3207 4720 3211 4720 3215 4720 3270 4692 3297 4681 3336 4692 3379 4704 3383 4704 3387 4704 3391 4704 3426 4689 3453 4681 3578 4689 3617 4689 3621 4689 3624 4689 3628 4689 3663 4665 3710 4685 3753 4704 3757 4704 3761 4704 4525 4669 4525 4642 4521 4564 4361 4540 4357 4540 4353 4540 4299 4564 4291 4568 4213 4568 3843 4552 3839 4552 3835 4552 3792 4572 3780 4579 3566 4579 3535 4575 3340 4540 3336 4540 3332 4540 3180 4579 3149 4587 3126 4579 2997 4537 2993 4537 2989 4537 2880 4540 2876 4540 2802 4579 2728 4544 2724 4544 2572 4544 2568 4544 2564 4544 2560 4544 2514 4572 2190 4552 2186 4552 2182 4552 2085 4595 2073 4599 2054 4595 1902 4560 1898 4560 1894 4560 1824 4579 1679 4560 1676 4560 1672 4560 1555 4603 1516 4618 1457 4618 1430 4603 1364 4568 1360 4568 1243 4568 1239 4568 1235 4568 1161 4607 1126 4626 405 4634 370 4618 304 4587 300 4587 296 4587 148 4618 152 4724"/></Shape>
	    <String CONTENT="Et parmi les algues nagent les poissons images du"
                    HPOS="148"
                    VPOS="4537"
                    WIDTH="4377"
                    HEIGHT="229"></String>
          </TextLine>

          
          
          <TextLine ID="eSc_line_b58d6e04"
                    TAGREFS="LT1649"
                    BASELINE="226 5032 802 5004" 
                    HPOS="185"
                    VPOS="4853"
                    WIDTH="617"
                    HEIGHT="218">
            <Shape><Polygon POINTS="226 5055 381 5071 385 5071 802 5024 802 5004 799 4934 736 4915 732 4915 728 4915 724 4915 670 4938 647 4918 643 4918 639 4918 635 4918 631 4918 514 4950 495 4954 479 4954 393 4934 352 4853 185 4921 226 5032"/></Shape>
	    <String CONTENT="Sauveur"
                    HPOS="185"
                    VPOS="4853"
                    WIDTH="617"
                    HEIGHT="218"></String>
          </TextLine>

          
          
          <TextLine ID="eSc_line_458a29b7"
                    TAGREFS="LT1649"
                    BASELINE="124 5324 1500 5265 4451 5199" 
                    HPOS="120"
                    VPOS="5102"
                    WIDTH="4331"
                    HEIGHT="265">
            <Shape><Polygon POINTS="124 5324 124 5347 257 5367 261 5367 265 5367 346 5343 405 5328 498 5339 533 5343 537 5343 565 5339 643 5320 689 5336 713 5343 717 5343 721 5343 818 5332 1021 5308 1091 5328 1110 5332 1114 5332 1118 5332 1169 5324 1223 5316 1239 5324 1274 5339 1278 5339 1282 5339 1461 5336 1465 5336 1469 5336 1500 5316 1527 5300 1707 5312 1734 5312 1738 5312 1742 5312 1746 5312 1781 5289 1835 5308 1847 5312 1851 5312 1855 5312 1859 5312 1878 5308 1941 5293 2077 5304 2194 5312 2198 5312 2202 5312 2206 5312 2225 5300 2264 5277 2498 5293 2662 5304 2666 5304 2751 5300 2755 5300 2783 5285 2829 5262 2997 5281 3098 5293 3102 5293 3106 5293 3110 5293 3129 5277 3172 5254 3250 5277 3258 5277 3262 5277 3266 5277 3293 5273 3422 5258 3500 5269 3527 5273 3531 5273 3562 5269 3718 5234 4026 5230 4127 5254 4155 5262 4158 5262 4162 5262 4447 5246 4451 5199 4443 5129 3991 5102 3987 5102 3983 5102 3921 5133 3851 5109 3847 5109 3843 5109 3839 5109 3769 5137 3753 5145 3737 5141 3702 5125 3699 5125 3695 5125 3605 5141 3539 5152 3441 5145 3270 5129 3266 5129 3262 5129 3258 5129 3231 5148 3207 5160 3075 5152 2981 5145 2977 5145 2915 5152 2786 5172 2654 5156 2498 5141 2494 5141 2490 5141 2443 5160 2416 5176 2143 5187 1999 5168 1898 5156 1894 5156 1890 5156 1859 5172 1804 5195 1672 5176 1598 5164 1594 5164 1504 5176 1294 5211 1181 5184 1149 5176 1145 5176 1142 5176 1138 5176 1106 5184 990 5219 740 5191 701 5187 697 5187 693 5187 689 5187 686 5191 627 5226 471 5211 467 5211 463 5211 389 5234 265 5199 261 5199 257 5199 120 5199 124 5324"/></Shape>
	    <String CONTENT="Tu es dans le jardin d&#x27;une auberge aux environs de Prague"
                    HPOS="120"
                    VPOS="5102"
                    WIDTH="4331"
                    HEIGHT="265"></String>
          </TextLine>

          
          
          <TextLine ID="eSc_line_629aff3a"
                    TAGREFS="LT1649"
                    BASELINE="120 5605 1882 5530 4069 5488" 
                    HPOS="116"
                    VPOS="5375"
                    WIDTH="3953"
                    HEIGHT="257">
            <Shape><Polygon POINTS="120 5605 120 5616 327 5632 331 5632 335 5632 393 5608 413 5605 432 5608 518 5628 522 5628 654 5601 686 5597 705 5601 767 5620 771 5620 775 5620 779 5620 783 5620 814 5597 818 5593 1083 5585 1106 5589 1208 5608 1212 5608 1855 5566 1945 5562 1968 5562 2128 5581 2132 5581 2135 5581 2182 5558 2190 5554 2272 5554 2853 5562 2857 5562 2981 5558 2985 5558 2989 5558 3020 5534 3129 5554 3133 5554 3274 5523 3285 5523 3289 5523 3402 5546 3406 5546 3574 5515 3582 5515 3589 5515 3815 5534 3819 5534 4018 5527 4022 5527 4069 5499 4069 5488 4065 5417 3932 5375 3928 5375 3808 5375 3804 5375 3800 5375 3796 5375 3753 5406 3699 5378 3695 5378 3691 5378 3597 5382 3593 5382 3589 5382 3527 5421 3422 5386 3418 5386 3414 5386 3410 5386 3406 5386 3344 5429 3332 5437 3254 5437 3141 5433 2911 5421 2907 5421 2903 5421 2857 5437 2822 5449 2588 5441 2389 5437 2385 5437 2315 5449 2198 5464 2022 5452 1754 5433 1750 5433 1640 5437 1637 5437 1633 5437 1601 5460 1578 5476 1547 5460 1504 5441 1500 5441 1496 5441 1492 5441 1442 5464 1411 5476 1387 5464 1360 5449 1356 5449 1243 5449 1239 5449 1235 5449 1231 5449 1208 5468 1157 5499 1060 5499 806 5480 802 5480 604 5511 479 5480 448 5472 444 5472 440 5472 436 5472 432 5472 420 5480 362 5519 249 5484 237 5480 233 5480 229 5480 116 5484 120 5605"/></Shape>
	    <String CONTENT="Tu te sens tout heureux une rose est sur la table"
                    HPOS="116"
                    VPOS="5375"
                    WIDTH="3953"
                    HEIGHT="257"></String>
          </TextLine>

          
          
          <TextLine ID="eSc_line_2e53bd91"
                    TAGREFS="LT1649"
                    BASELINE="159 5881 2428 5795 4225 5764" 
                    HPOS="152"
                    VPOS="5659"
                    WIDTH="4073"
                    HEIGHT="265">
            <Shape><Polygon POINTS="159 5881 159 5897 233 5924 237 5924 241 5924 413 5889 424 5889 432 5889 537 5916 541 5916 545 5916 674 5912 678 5912 736 5881 740 5881 904 5905 908 5905 1321 5889 1446 5858 1461 5858 1520 5858 1894 5866 1898 5866 1902 5866 1980 5842 1991 5842 2030 5842 2284 5854 2288 5854 2291 5854 2369 5834 2381 5831 2440 5831 2744 5838 2747 5838 2751 5838 2755 5838 2779 5819 2783 5819 2786 5819 2849 5842 2853 5842 2857 5842 3001 5815 3024 5811 3087 5811 3500 5823 3504 5823 3508 5823 3511 5823 3546 5799 3550 5795 3554 5799 3605 5819 3609 5819 3613 5823 3804 5823 3804 5819 4221 5776 4225 5764 4217 5690 4119 5671 4116 5671 3683 5698 3566 5706 3550 5702 3418 5659 3414 5659 3410 5659 3207 5710 3149 5721 3090 5710 2899 5675 2896 5675 2892 5675 2888 5675 2822 5718 2802 5729 2724 5718 2506 5686 2502 5686 2284 5694 2280 5694 2276 5694 2221 5729 2190 5749 2120 5729 2026 5706 2022 5706 1855 5706 1851 5706 1847 5706 1773 5737 1707 5764 1644 5741 1633 5737 1629 5737 1625 5737 1621 5737 1613 5741 1578 5757 1531 5741 1524 5741 1520 5741 1516 5741 1512 5741 1508 5745 1449 5772 1258 5753 1255 5753 1032 5768 962 5753 915 5745 912 5745 908 5745 904 5745 888 5757 830 5792 627 5795 553 5760 522 5749 518 5749 514 5749 510 5749 479 5764 409 5803 339 5768 311 5753 307 5753 304 5753 152 5768 159 5881"/></Shape>
	    <String CONTENT="Et tu observes au lieu d&#x27;écrire ton conte en prose"
                    HPOS="152"
                    VPOS="5659"
                    WIDTH="4073"
                    HEIGHT="265"></String>
          </TextLine>

          
          
          <TextLine ID="eSc_line_f9e2710e"
                    TAGREFS="LT1649"
                    BASELINE="163 6174 1870 6096 4205 6076" 
                    HPOS="159"
                    VPOS="5963"
                    WIDTH="4046"
                    HEIGHT="230">
            <Shape><Polygon POINTS="163 6174 163 6193 689 6193 689 6189 693 6189 721 6177 752 6166 775 6177 802 6185 806 6185 810 6185 892 6174 1075 6142 1188 6166 1251 6177 1255 6177 1403 6174 1407 6174 1442 6158 1504 6135 1695 6154 1718 6154 1722 6154 1726 6154 1734 6154 1808 6123 1987 6123 2291 6139 2385 6142 2389 6142 2393 6142 2404 6135 2447 6111 2755 6107 2814 6127 2818 6127 2822 6127 2825 6127 2868 6123 3133 6100 3266 6115 3402 6131 3406 6131 3410 6131 3457 6111 3472 6103 3508 6107 3613 6127 3617 6127 3621 6127 3702 6107 4158 6115 4162 6115 4166 6115 4170 6115 4205 6092 4205 6076 4197 6002 3835 5990 3831 5990 3761 6002 3726 6010 3714 6006 3632 5963 3628 5963 3624 5963 3621 5963 3488 6006 3476 6010 3461 6006 3371 5975 3367 5975 3363 5975 3359 5975 3281 6010 3250 6022 3145 6010 2896 5979 2892 5979 2888 5979 2783 6014 2728 6029 2697 6014 2642 5986 2638 5986 2533 5986 2529 5986 2401 6018 2338 6029 2276 6018 2167 5994 2163 5994 2159 5994 2100 6018 2046 6041 1995 6018 1956 6002 1952 6002 1948 6002 1652 6006 1648 6006 1644 6006 1621 6022 1563 6057 1325 6041 1321 6041 1067 6068 654 6029 615 6029 611 6029 608 6029 600 6033 487 6080 159 6037 163 6174"/></Shape>
	    <String CONTENT="La cétoine qui dort dans le coeur de la rose"
                    HPOS="159"
                    VPOS="5963"
                    WIDTH="4046"
                    HEIGHT="230"></String>
          </TextLine>

          
          
          <TextLine ID="eSc_line_c53b0940"
                    TAGREFS="LT1649"
                    BASELINE="241 6497 2330 6368 3624 6345 4404 6353" 
                    HPOS="174"
                    VPOS="6209"
                    WIDTH="4230"
                    HEIGHT="343">
            <Shape><Polygon POINTS="3862 6259 3847 6255 3749 6209 3745 6209 3741 6209 3737 6209 3644 6259 3628 6267 3562 6263 3430 6252 3426 6252 3422 6252 3371 6267 3328 6283 3293 6271 3165 6228 3161 6228 3157 6228 3083 6232 3079 6232 3075 6232 3005 6279 2974 6298 2892 6283 2716 6248 2712 6248 2708 6248 2627 6291 2584 6314 2529 6294 2479 6275 2475 6275 2471 6275 2303 6298 2097 6275 2093 6275 1976 6283 1972 6283 1968 6283 1921 6310 1874 6341 1820 6314 1781 6298 1777 6298 1773 6298 1769 6298 1695 6318 1551 6361 1457 6326 1407 6306 1403 6306 1399 6306 1395 6306 1391 6306 1356 6329 1290 6372 1192 6333 1149 6318 1145 6318 1142 6318 1044 6337 1025 6341 978 6341 834 6333 830 6333 826 6333 822 6333 802 6345 748 6380 557 6400 420 6357 405 6353 401 6353 338 6242 174 6361 241 6497 241 6520 307 6552 311 6552 315 6552 506 6544 510 6544 623 6505 623 6501 643 6501 865 6497 869 6497 880 6493 962 6466 1067 6489 1118 6497 1122 6497 1188 6482 1329 6450 1391 6478 1430 6493 1434 6493 1438 6493 1442 6493 1492 6474 1574 6439 1726 6462 1730 6462 1734 6462 1863 6427 2151 6435 2155 6435 2288 6407 2358 6431 2362 6431 2365 6431 2369 6431 2373 6431 2416 6404 2946 6404 2950 6404 2954 6404 2958 6404 2997 6376 3083 6411 3087 6411 3090 6411 3231 6407 3235 6407 3239 6407 3305 6368 3394 6407 3418 6415 3422 6415 3426 6415 3543 6400 3675 6384 3854 6388 3952 6392 3956 6392 3960 6392 3979 6384 4049 6361 4147 6380 4158 6380 4162 6380 4400 6368 4404 6353 4400 6345 4377 6240"/></Shape>
	    <String CONTENT="Épouvanté tu te vois déssiné dans les agathes de"
                    HPOS="174"
                    VPOS="6209"
                    WIDTH="4230"
                    HEIGHT="343"></String>
          </TextLine>

          
          
          <TextLine ID="eSc_line_a9300337"
                    TAGREFS="LT1649"
                    BASELINE="253 6778 1079 6735" 
                    HPOS="245"
                    VPOS="6602"
                    WIDTH="834"
                    HEIGHT="203">
            <Shape><Polygon POINTS="253 6778 253 6801 623 6805 627 6805 631 6805 701 6778 709 6778 740 6778 970 6786 974 6786 978 6786 1079 6758 1079 6735 1071 6626 997 6602 993 6602 990 6602 986 6602 877 6634 818 6622 814 6622 810 6622 806 6622 783 6645 760 6661 674 6649 615 6645 611 6645 541 6661 467 6676 428 6669 319 6637 315 6637 311 6637 307 6637 304 6637 245 6669 253 6778"/></Shape>
	    <String CONTENT="Saint-Vît"
                    HPOS="245"
                    VPOS="6602"
                    WIDTH="834"
                    HEIGHT="203"></String>
          </TextLine>

          
        </TextBlock>
        

        
      </PrintSpace>
    </Page>
  </Layout>
</alto>
