4958 7016
222 32 3562 275 Tu étais triste à mourir le jour où tu t'y vis

237 315 3711 250 Tu ressembles à Lazare affolé par le jour

237 541 4155 324 Les aiguilles de l'horloge du quartier juif vont

182 943 823 195 à rebours

218 1200 3551 226 Et tu recules aussi dans ta vie lentement

206 1453 4292 242 En montant au Hradchin et le soir en écoutant

218 1746 3948 214 Dans les tavernes chanter des chansons tchèques

210 2034 3863 238 Te voici à Marseille au milieu des pastèques

202 2274 3914 286 Te voici à Coblence à l'hôtel du Géant

237 2621 4190 239 Te voici à Rome assis sous un néflier du Japon

194 2919 4284 242 Te voici à Amsterdam avec une jeune fille que tu

202 3266 1275 183 trouves belle et

218 3554 1243 195 qui est laide

222 3862 4291 183 Elle doit se marier avec un étudiant de Leyde

241 4112 3890 230 On y loue des chambres en latin Cubicula

179 4486 721 175 locanda

187 4766 3960 227 Je m'en souviens j'y ai passé trois jours et

183 5034 1590 239 autant à Gouda

155 5347 3314 230 Tu es à Paris chez le juge d'instruction

179 5643 4439 172 Comme un criminel on te met en état d'arrestation

198 5916 4007 254 Tu as fait de douloureux et de joyeux voyages

194 6201 4159 238 Avant de t'apercevoir du mensonge et de l'âge

187 6456 4213 291 Tu as souffert de l'amour à vingt et à trente ans
