4958 7016
189 29 3921 324 J'ai vécu comme un fou et j'ai perdu mon temps

233 322 4128 231 Tu n'oses plus regarder tes mains et à tous moments

210 666 842 203 je voudrais

175 927 744 199 sangloter

155 1184 3797 215 Sur toi sur celle que j'aime sur tout ce qui t'a

183 1492 869 195 épouvanté

163 1738 4553 245 Tu regardes les yeux pleins de larmes ces pauvres émigrants

159 2007 4553 298 Ils croient en Dieu ils prient les femmes allaitent

171 2358 1060 202 des enfants

179 2677 4276 222 Ils emplissent de leur odeur le hall de la gare

155 3005 1240 167 Saint-Lazare

140 3262 4178 322 Ils ont foi dans leur étoile comme les rois-mages

144 3582 4077 226 Ils espèrent gagner de l'argent dans l'Argentine

179 3866 4065 234 Et revenir dans leur pays après avoir fait fortune

183 4155 4291 226 Une famille transporte un édredon rouge comme vous

155 4509 854 183 transportez

124 4774 873 152 votre coeur

140 4957 3609 223 Cet édredon et nos rêves sont aussi irréels

128 5300 4483 258 Quelques-uns de ces émigrants restent ici et se logent

136 5575 4338 310 Rue des rosiers ou rue des Écouffes dans des bouges

175 5994 3867 222 Je les ai vus souvent le soir ils prennent l'air

105 6329 1216 168 dans la rue

58 6559 4155 227 Et se déplacent rarement comme les pièces aux échecs
