4958 7016
206 85 4502 250 Il y a surtout des Juifs leurs femmes portent perruque

190 378 4132 276 Elles restent assises exsangues au fond des boutiques

183 709 4357 277 Tu es debout devant le zinc d'un bar crapuleux

261 1036 3745 324 Tu prends un café à deux sous parmi les

210 1539 951 191 malheureux

159 1804 3875 250 Tu es la nuit dans un grand restaurant

187 2104 4322 261 Ces femmes ne sont pas méchantes elles ont des

206 2510 1606 195 soucis cependant

210 2876 4159 226 Toutes même la plus laide a fait souffrir son

144 3184 764 160 amant

155 3445 4304 203 Elle est la fille d'un sergent de ville de Jersey

159 3804 4401 175 Ses mains que je n'avais pas vues sont dures et

265 4073 635 214 gercées

245 4363 4393 287 J'ai une pitié immense pour les coutures de son ventre

241 4782 4159 191 J'humilie maintenant à une pauvre fille au rire

148 5125 1851 172 horrible ma bouche

109 5449 2576 187 Tu es seul le matin va venir

148 5733 4120 183 Les laitiers font tinter leurs bidons dans les rues

159 6037 3855 218 La nuit s'éloigne ainsi qu'une belle Métive

163 6337 3875 226 C'est Ferdine la fausse ou Léa l'attentive

222 6649 3917 187 Et tu bois cet alcool brûlant comme ta vie
