4958 7016
401 85 3617 183 Ta vie que tu bois comme une eau-de-vie

401 331 3952 218 Tu marches vers Auteuil tu veux aller chez toi

358 639 612 206 à pied

276 838 4190 292 Dormir parmi tes fétiches d'Océanie et de Guinée

288 1142 3379 284 Ils sont des Christ d'une autre forme et

315 1449 2058 223 d'une autre croyance

257 1816 1224 191 Adieu Adieu

265 2042 1407 289 Soleil cou coupé

120 2251 1980 325 LA CHANSON DU MAL-AIMÉ

101 2666 1547 194 A Paul Léautaud

105 2954 2475 195 Et je chantais cette romance

132 3227 1777 167 En 1903 sans savoir

105 3462 2724 159 Que mon amour à la semblance

116 3702 3072 172 Du beau Phénix s'il meurt un soir

77 3987 2745 160 Le matin voit sa renaissance

101 4252 2993 160 Un soir de demi-brume à Londres

54 4484 2561 208 Un voyou qui ressemblait à

66 4778 2978 179 mon amour vint à ma rencontre

70 5067 2479 202 Et le regard qu'il me jeta

58 5328 2838 187 me fit baisser les yeux de hontes

128 5620 2382 183 Je suivis ce garçon mauvais

175 5901 3028 206 Qui sifflotait mains dans les poches

198 6232 2698 172 Nous semblions entre les maisons

194 6470 2460 234 Onde ouverte de la Mer Rouge

190 6727 2624 199 Lui les Hébreux moi Pharaon
