4958 7016
218 54 2911 265 Que tombent ces vagues de briques

210 354 2565 234 Si tu ne fus pas bien aimée

257 627 2549 261 Je suis le souverain d'Égypte

253 907 2526 250 Sa soeur-épouse son armée

202 1258 2927 199 Si tu n'es pas l'amour unique

148 1547 2900 187 Au tournant d'une rue brûlant

175 1839 2857 187 De tous les feux de ses façades

175 2182 2810 180 Plaies du brouillard sanguinolent

198 2482 2491 187 Où se lamentent les façades

132 2786 2502 215 une femme lui ressemblant

171 3067 2955 199 C'était son regard d'inhumaine

183 3402 2568 148 La cicatrice à son cou nu

245 3675 2374 168 Sortit saoule d'une taverne

210 3903 2413 213 Au moment où je reconnus

163 4186 2623 195 La fausseté de l'amour même

163 4466 2588 230 Lorsqu'il fut de retour enfin

144 4813 2837 222 Dans sa patrie le sage Ulysse

113 5094 2888 234 Son vieux chien de lui se souvint

136 5343 2830 254 Près d'un tapis de haute lisse

155 5616 3002 261 Sa femme attendait qu'il revînt

136 5881 2631 269 L'époux royal de Sacontale

136 6193 2249 242 Las de vaincre se réjouit

144 6450 2650 222 Quand il la retrouva plus pâle

171 6711 2592 207 D'attente et d'amour yeux pâlis
