4958 7016
132 89 2319 230 Caressant sa gazelle mâle

187 356 2596 216 J'ai pensé à ces rois heureux

159 615 2460 250 Lorsque le faux amour et celle

171 933 2518 189 Dont je suis encore amoureux

175 1165 2724 242 Heurtant leurs ombres infidèles

183 1477 2257 218 Me rendirent si malheureux

132 1726 3107 296 Regrets sur moi quoi l'enfer se fonde

155 2090 3360 248 Qu'un ciel d'oubli s'ouvre à mes voeux

171 2408 3091 215 Pour son baiser les rois du monde

210 2712 3114 207 Seraient morts les pauvres fameux

194 3040 2924 179 Pour elle eussent vendu leur ombre

210 3314 2510 229 J'ai hiverné dans mon passé

190 3624 2674 219 Revienne le soleil de Pâques

148 3891 3150 236 Pour chauffer un coeur plus glacé

155 4194 2659 210 Que les quarante de Sébaste

179 4486 2561 191 Moins que ma vie martyrisées

155 4802 2670 171 Mon beau navire ô ma mémoire

159 5044 2168 202 Avons-nous assez navigué

190 5328 2737 187 Dans une onde mauvaise à boire

159 5632 2320 156 Avons-nous assez divagué

116 5873 3208 180 De la belle aude aube au triste soir

171 6174 2448 175 Adieu faux amour confondu

155 6443 2487 214 Avec la femme qui s'éloigne
