4958 7016
192 29 2029 234 Avec celle que j'ai perdue

187 263 2537 263 L'année dernière en Allemagne

192 520 2298 292 Et que je ne reverrai plus

93 812 2672 269 Voie lactée ô soeur lumineuse

169 1058 2742 298 Des blancs ruisseaux de Chanaan

175 1379 2613 281 Et des corps blancs des amoureuses

111 1660 2841 257 Nageurs morts suivrons-nous d'ahan

140 1958 2824 257 Ton cours vers d'autres nébuleuses

192 2227 2836 287 Je me souviens d'une autre année

163 2514 2789 274 C'était l'aube d'un jour d'Avril

216 2806 2719 298 J'ai chanté ma joie bien-aimée

181 3081 2420 280 Chanté l'amour à voix virile

175 3344 2917 280 Au moment d'amour de l'année

157 3584 3409 280 Aubade chantée à Laetare l'an passé

157 3864 3228 310 C'est le printemps viens-t'en Pâquette

157 4192 2386 298 Te promener au bois joli

134 4466 2900 310 Les poules dans la cour caquètent

152 4759 2970 286 L'aube au ciel fait de roses plis

99 5092 2730 240 L'amour chemine à ta conquête

140 5443 2537 199 Mars et Vénus sont revenus

187 5718 2812 257 Ils s'embrassent à bouches folles

187 6022 2215 263 Devant des sites ingénus

198 6337 2725 258 Où sous les roses qui feuillolent
