4958 7016
187 77 2783 207 De beaux dieux roses dansent nus

187 319 2728 253 Viens ma tendresse est la régente

198 627 2386 226 De la floraison qui paraît

155 857 2826 249 La nature est belle et touchante

249 1149 2257 258 Pan sifflote dans la forêt

245 1434 2908 261 Les grenouilles humides chantent

233 1812 1914 203 Beaucoup de ces deux

229 2056 2770 255 Beaucoup de ces dieux ont péri

233 2365 3220 227 C'est sur eux que pleurent les saules

202 2619 3177 269 Le grand Pan l'amour Jésus-Christ

241 2872 3516 261 Sont bien morts et les chats miaulent

202 3138 2565 284 Dans la cour je pleure à Paris

171 3414 3337 265 Moi qui sais des lais pour les reines

198 3706 2830 230 Les complaintes de mes années

183 3943 3134 254 Des hymnes d'esclave aux murènes

175 4175 2736 291 La romance du mal aimé

159 4521 2912 238 Et des chansons pour les sirènes

175 4813 3313 261 L'amour est mort j'en suis tremblant

192 5098 2123 322 J'adore de belles idoles

198 5406 2397 226 Les souvenirs lui ressemblant

175 5663 2530 261 Comme la femme de Mausole

192 5946 2292 286 Je reste fidèle et dolent

319 6252 2764 265 Je suis fidèle comme un dogue

253 6610 2549 207 Au maître le lierre au tronc
