4958 7016
198 97 2265 195 Et les Cosaques Zaporogues

198 354 2167 199 Ivrognes pieux et larrons

171 596 2518 257 Aux steppes et au décalogue

206 908 3072 257 Portez comme un joug le Croissant

155 1208 2464 222 Qu'interrogent les astrologues

257 1500 2958 230 Je suis le Sultan tout-puissant

206 1855 2386 183 O mes Cosaques Zaporogues

198 2155 2471 187 Votre seigneur éblouissant

187 2440 2327 191 Devenez mes sujets fidèles

226 2701 2440 167 Leur avait écrit le Sultan

222 2962 2381 210 Ils Rirent à cette nouvelle

175 3227 2514 234 Et répondirent à l'instant

167 3543 2588 233 A la lueur d'une chandelle

159 3815 4019 304 Réponse des Cosaques Zaporogues au Sultan de

159 4162 1213 226 Constantinople

159 4459 2514 194 Plus criminel que Barrabas

190 4712 2706 164 Cornu comme les mauvais anges

175 4981 2822 175 Quel Belzébuth es-tu là-bas

187 5281 2689 168 Nourri d'immondice et de fange

179 5538 2600 180 Nous n'irons pas à tes sabbats

167 5803 2218 226 Poisson pourri de Salonique

148 6037 2670 222 Long collier des sommeils affreux

152 6248 3001 261 D'yeux arrachés à pou coup de pique

175 6583 2401 203 Ta mère fit un pet foireux
