4958 7016
116 179 2573 199 Et tu naquis de sa colique

210 420 2491 219 Bourreau de Podolie Amant

167 686 2935 253 Des plaies des ulcères des croûtes

159 974 2779 230 Groin de cochon cul de jument

190 1274 2608 199 Tes richesses garde-les toutes

187 1570 2479 222 Pour payer tes médicaments

245 1914 1509 194 Voie lactée {1}

206 2198 2931 187 Voie lactée ô soeur lumineuse

222 2482 3172 168 Des blancs ruisseaux de Chanaan

214 2771 3208 164 Et des corps blancs des amoureuses

249 3024 3828 176 Nageurs morts suivront suivrons nous d'ahan

190 3348 2764 183 Ton cours vers d'autres nébuleuses

175 3609 2721 199 Regret des yeux de la putain

148 3882 2728 183 Et belle comme une panthère

120 4190 2588 175 Amour vos baisers florentins

128 4513 2409 156 Avaient une saveur amère

155 4813 2378 156 Qui a rebuté nos destins

206 5098 3157 175 Ses regards laissaient une traîne

128 5385 3146 208 D'étoiles dans les soirs tremblants

124 5671 3267 226 Dans ses yeux nageaient les sirènes

116 5986 2795 195 Et nos baisers mordus sanglants

159 6294 3193 184 Faisaient pleurer nos fées marraines

140 6614 2116 199 Mais en vérité je l'attends
