4958 7016
190 150 2565 150 Avec mon coeur avec mon âme

171 335 2818 230 Et sur les pont des Reviens-t'en

187 647 2650 218 Si jamais reviens cette femme

202 888 3048 230 Je lui dirai Je suis content

144 1216 2923 202 Mon coeur et ma tête se vident

136 1566 2763 191 Tout le ciel s'écoule par eux

148 1863 2584 237 O mes tonneaux des Danaïdes

183 2155 2876 226 Comment faire pour être heureux

155 2443 2850 246 Comme un petit enfant candide

146 2736 2432 326 Je ne veux jamais l'oublier

167 3071 2534 203 Ma colombe ma blanche rade

148 3371 2038 207 O marguerite exfoliée

179 3624 2724 230 Mon île au loin ma Désirade

179 3901 2050 234 Ma rose mon giroflier

175 4166 2459 246 Les satyres et les pyraustes

148 4420 2416 261 Les égypans les feux follets

124 4716 2935 230 Et les destins damnés ou faustes

132 4986 2873 237 La corde au cou comme à Calais

190 5269 2854 254 Sur ma douleur quel holocauste

190 5608 2733 211 Douleur qui doubles les destins

144 5924 2494 160 La licorne et le capricorne

179 6150 3044 218 Mon âme et mon corps incertains

218 6392 3169 245 Te fuient ô bûcher divin qu'ornent

218 6665 2596 226 Des astres des fleurs du matin
