4958 7016
218 113 3056 226 Malheur dieu pâle aux yeux d'ivoire

222 358 2576 265 Tes prêtres fous t'ont-ils paré

222 662 2237 211 Tes victimes en robe noire

214 900 2319 238 Ont-elles vainement pleuré

245 1181 3457 261 Malheur dieu qu'il ne faut pas croire

218 1563 2798 214 Et toi qui me suis en rampant

233 1882 3263 230 Dieu de mes dieux morts en automne

280 2213 2639 215 Tu mesures combien d'empans

257 2502 3192 240 J'ai droit que la terre me donne

304 2802 3059 222 O mon ombre ô mon vieux serpent

288 3106 2830 218 Au soleil parce que tu l'aimes

362 3387 2366 230 Je t'ai menée souviens-t'en bien

292 3726 2510 214 Ténébreuse épouse que j'aime

319 4057 2421 195 Tu es à moi en n'étant rien

241 4381 2924 187 O mon ombre en deuil de moi-même

222 4665 2615 191 L'Hiver est mort tout enneigé

249 4938 2611 230 On a brûlé les ruches blanches

226 5320 2681 230 Dans les jardins et les vergers

152 5663 3262 179 Les oiseaux chantent sur les branches

183 5951 2759 215 Le printemps clair l'Avril léger

222 6283 2779 202 Mort d'immortels argyraspides

190 6598 2768 176 La neige aux boucliers d'argent
