4958 7016
167 167 2526 199 Fuit les dendrophores livides

202 417 2896 245 Du printemps cher aux pauvres gens

204 684 3029 269 Qui ressourient les yeux humides

210 1060 2654 198 Et moi j'ai le coeur aussi gros

202 1387 3169 164 Qu'un cul de dame damascène

245 1676 2834 152 O mon amour je t'aimais trop

183 1956 3095 164 Et maintenant j'ai trop de peine

190 2210 3095 171 Les sept épées hors du fourreau

261 2451 2370 199 Sept épées de mélancolie

268 2747 2741 184 Sans morfil ô claires douleurs

241 3024 2966 164 Sont dans mon coeur et la folie

265 3309 3122 167 Veut raisonner pour mon malheur

284 3585 3216 184 Comment voulez-vous que j'oublie

175 3796 1543 222 LES SEPT ÉPÉES

202 4055 2721 271 La première est toute d'argent

202 4404 3216 187 Et son nom tremblant c'est Pâline

241 4677 3173 203 Sa lame un ciel d'hiver meigeant

214 4934 2455 191 Son destin sanglant gibeline

241 5180 2701 226 Vulcain mourut en la forgeant

222 5491 2677 191 La seconde nommée Noubosse

245 5776 2697 195 Est un bel arc-en-ciel joyeux

222 6030 3052 206 Les dieux s'en servent à leurs noces

233 6333 2417 207 Elle a tué trente Bé-Rieux

268 6630 2413 210 Et fut douée par Carabosse
