<?xml version="1.0" encoding="UTF-8"?>
<alto xmlns:xsi="http://www.w3.org/2001/XMLSchema-instance"
      xmlns="http://www.loc.gov/standards/alto/ns-v4#"
      xsi:schemaLocation="http://www.loc.gov/standards/alto/ns-v4# http://www.loc.gov/standards/alto/v4/alto-4-2.xsd">
  <Description>
    <MeasurementUnit>pixel</MeasurementUnit>
    <sourceImageInformation>
      <fileName>0023.png</fileName>
      
    </sourceImageInformation>
  </Description>
  
  <Tags>
    <OtherTag ID="BT5053" LABEL="MainZone" DESCRIPTION="block type MainZone"/>
    <OtherTag ID="LT1649" LABEL="DefaultLine" DESCRIPTION="line type DefaultLine"/>
  </Tags>
  
  <Layout>
    <Page WIDTH="4958"
          HEIGHT="7016"
          PHYSICAL_IMG_NR="22"
          ID="eSc_dummypage_">
      <PrintSpace HPOS="0"
                  VPOS="0"
                  WIDTH="4958"
                  HEIGHT="7016">
        
        <TextBlock HPOS="124"
                   VPOS="62"
                   WIDTH="3536"
                   HEIGHT="6716"
                   ID="eSc_textblock_67a26479"
                   TAGREFS="BT5053">
          <Shape><Polygon POINTS="2350 109 2416 280 2631 311 2708 389 2708 510 2568 670 2568 900 2740 1200 2708 1321 2584 1434 2631 1543 2599 1742 3051 1870 3020 2287 3071 2338 3550 2369 3660 2432 3628 2584 3352 2599 3036 2744 3207 2899 3332 3332 3550 3445 3566 3613 3317 3956 2942 4069 2993 4162 3192 4209 3223 4271 3207 4642 2646 4833 2712 4942 2958 4989 3020 5145 2989 5265 2759 5312 2677 5394 2662 5889 2599 5986 2666 6158 3114 6236 3098 6482 2942 6715 1773 6778 233 6762 218 6314 155 6170 187 4552 140 3601 218 3192 218 2759 124 265 179 62"/></Shape>
          
          
          <TextLine ID="eSc_line_65ae0452"
                    TAGREFS="LT1649"
                    BASELINE="171 245 2319 194" 
                    HPOS="163"
                    VPOS="93"
                    WIDTH="2156"
                    HEIGHT="199">
            <Shape><Polygon POINTS="2178 101 2147 132 2124 132 2054 140 2019 132 1878 101 1874 101 1870 101 1808 124 1761 93 1757 93 1754 93 1750 93 1746 93 1742 93 1742 97 1703 132 1683 152 1574 152 1469 132 1321 101 1317 101 1313 101 1309 101 1309 105 1278 132 1247 163 1142 163 1091 128 1087 124 1083 124 1079 124 1075 124 1071 124 1067 124 1067 128 845 110 728 124 697 152 697 148 693 148 689 148 686 148 631 155 604 128 596 124 596 120 592 120 588 120 495 120 491 120 487 120 483 120 483 124 479 128 428 183 366 183 292 128 288 128 284 128 163 128 171 245 171 257 276 292 280 292 284 292 288 292 385 253 389 253 444 253 495 253 526 280 526 284 530 284 533 284 537 284 541 284 545 284 572 261 693 276 697 276 701 276 705 276 732 257 771 284 775 284 779 284 783 284 787 284 791 284 858 244 908 268 912 268 915 268 1044 241 1083 265 1087 265 1091 265 1095 265 1099 265 1161 233 1208 233 1313 233 1348 257 1352 257 1356 257 1360 257 1364 257 1407 241 1465 265 1469 265 1473 265 1644 226 1683 257 1683 261 1687 261 1691 261 1695 265 1820 265 1820 261 1824 261 1980 222 2284 241 2288 241 2291 241 2295 241 2295 237 2319 210 2319 194 2311 136 2245 132 2217 105 2190 105"/></Shape>
	    <String CONTENT="La troisième bleu féminin"
                    HPOS="163"
                    VPOS="93"
                    WIDTH="2156"
                    HEIGHT="199"></String>
          </TextLine>

          
          
          <TextLine ID="eSc_line_47b922b4"
                    TAGREFS="LT1649"
                    BASELINE="152 491 2673 444" 
                    HPOS="148"
                    VPOS="346"
                    WIDTH="2525"
                    HEIGHT="195">
            <Shape><Polygon POINTS="152 491 152 506 261 541 265 541 268 541 272 541 354 506 362 502 370 506 444 530 448 530 452 530 576 502 596 498 604 502 678 533 682 533 686 533 689 533 787 498 799 495 806 498 849 530 853 530 857 530 861 533 990 533 990 530 1165 495 1200 487 1223 495 1270 506 1274 506 1278 506 1282 506 1317 491 1333 483 1828 479 1839 483 1867 498 1870 498 1874 498 1878 498 1929 483 1956 475 1964 483 1987 502 1991 502 1995 502 1999 502 2003 502 2089 483 2104 479 2116 479 2225 502 2229 502 2338 479 2350 475 2354 479 2377 498 2377 502 2381 502 2385 502 2389 506 2463 506 2463 502 2673 471 2673 444 2669 385 2603 366 2599 366 2595 366 2592 366 2588 366 2564 385 2514 370 2510 370 2506 370 2362 389 2342 389 2338 389 2252 346 2249 346 2245 346 2241 346 2139 370 2038 350 2034 350 2030 350 1952 393 1945 397 1929 393 1812 366 1808 366 1804 366 1800 366 1761 397 1757 401 1746 397 1664 370 1660 370 1656 370 1652 370 1648 370 1617 397 1605 405 1547 401 1266 370 1262 370 1258 370 1255 370 1204 405 1188 413 1145 405 1029 381 1025 381 873 409 822 417 802 409 732 378 728 378 724 378 721 378 717 378 682 405 647 381 643 381 639 381 635 381 631 381 627 381 576 413 557 424 452 420 444 413 381 381 378 381 374 381 175 385 171 385 167 385 167 389 148 405 152 491"/></Shape>
	    <String CONTENT="N&#x27;en est pas moins un chibriape"
                    HPOS="148"
                    VPOS="346"
                    WIDTH="2525"
                    HEIGHT="195"></String>
          </TextLine>

          
          
          <TextLine ID="eSc_line_fd662b5c"
                    TAGREFS="LT1649"
                    BASELINE="187 713 2358 658" 
                    HPOS="183"
                    VPOS="553"
                    WIDTH="2175"
                    HEIGHT="214">
            <Shape><Polygon POINTS="187 713 187 736 218 752 222 752 226 752 229 752 276 728 288 724 296 728 339 763 343 763 346 763 350 767 495 767 495 763 678 717 709 713 767 717 986 732 990 732 993 732 1044 709 1052 705 1056 709 1114 736 1118 736 1122 736 1126 736 1130 736 1130 732 1161 705 1169 697 1360 697 1368 701 1414 736 1418 736 1422 736 1426 736 1430 736 1590 693 1605 689 1617 693 1695 721 1699 721 1703 721 1707 721 1711 721 1738 701 1870 717 1874 717 1878 717 1882 717 1882 713 1898 697 1948 724 1952 724 1956 724 1960 724 2026 693 2186 717 2190 717 2194 717 2288 689 2311 709 2315 709 2319 709 2323 709 2326 709 2330 709 2330 705 2358 674 2358 658 2350 596 2167 580 2163 580 2159 580 2100 600 1995 553 1991 553 1898 553 1894 553 1890 553 1886 553 1835 600 1789 561 1789 557 1785 557 1781 557 1730 557 1726 557 1722 557 1718 557 1629 611 1465 565 1461 565 1457 565 1453 565 1449 565 1449 569 1395 619 1395 623 1188 623 1118 572 1114 572 1110 572 1106 572 1103 572 1001 619 869 580 865 580 861 580 857 580 853 580 791 635 787 639 724 639 682 639 619 588 615 588 611 588 608 588 604 588 502 635 253 596 249 596 245 596 241 596 183 635 187 713"/></Shape>
	    <String CONTENT="Appelé Lul de Faltenin"
                    HPOS="183"
                    VPOS="553"
                    WIDTH="2175"
                    HEIGHT="214"></String>
          </TextLine>

          
          
          <TextLine ID="eSc_line_5249fe59"
                    TAGREFS="LT1649"
                    BASELINE="183 962 2498 939" 
                    HPOS="179"
                    VPOS="857"
                    WIDTH="2319"
                    HEIGHT="168">
            <Shape><Polygon POINTS="183 962 183 970 323 1009 327 1009 331 1009 335 1009 413 974 456 1017 456 1021 459 1021 463 1021 467 1025 565 1025 565 1021 569 1021 572 1021 623 986 721 997 724 997 728 997 732 997 767 970 943 1017 947 1017 951 1017 954 1017 1083 966 1165 993 1169 993 1173 993 1297 966 1340 997 1344 997 1348 997 1352 997 1527 962 1601 962 1637 990 1637 993 1640 993 1644 993 1648 993 2011 958 2042 986 2042 990 2046 990 2050 990 2054 990 2058 990 2128 970 2213 1001 2217 1001 2221 1005 2365 1005 2365 1001 2369 1001 2498 951 2498 939 2490 880 2319 857 2315 857 2128 880 2097 857 2093 857 2089 857 2085 857 1968 884 1964 884 1960 884 1906 857 1902 857 1898 857 1894 857 1890 857 1859 884 1734 857 1730 857 1726 857 1664 888 1660 892 1566 892 1563 888 1535 865 1535 861 1531 861 1527 861 1524 861 1520 861 1446 880 1379 861 1375 861 1372 861 1368 861 1364 861 1325 892 1321 896 1212 896 1212 892 1184 869 1184 865 1181 865 1177 865 1173 865 1021 884 951 865 947 865 943 865 939 865 877 896 873 896 853 896 666 877 662 877 658 877 654 877 631 896 526 880 522 880 397 900 393 900 366 877 366 873 362 873 358 873 296 873 292 873 179 900 183 962"/></Shape>
	    <String CONTENT="Et que porte sur une nappe"
                    HPOS="179"
                    VPOS="857"
                    WIDTH="2319"
                    HEIGHT="168"></String>
          </TextLine>

          
          
          <TextLine ID="eSc_line_4028a484"
                    TAGREFS="LT1649"
                    BASELINE="179 1258 1165 1216 2705 1204" 
                    HPOS="175"
                    VPOS="1099"
                    WIDTH="2530"
                    HEIGHT="179">
            <Shape><Polygon POINTS="2693 1134 2580 1118 2576 1118 2572 1118 2502 1134 2490 1138 2486 1134 2436 1099 2432 1099 2428 1099 2424 1099 2420 1099 2338 1134 2323 1145 2054 1145 1983 1134 1812 1106 1808 1106 1804 1106 1800 1106 1800 1110 1773 1134 1757 1153 1679 1153 1590 1134 1485 1110 1481 1110 1477 1110 1473 1110 1446 1134 1418 1153 1395 1134 1391 1130 1387 1130 1383 1130 1122 1118 1118 1118 1114 1118 1087 1134 1025 1169 966 1169 931 1134 923 1130 923 1126 919 1126 915 1126 912 1126 908 1126 904 1126 904 1130 896 1134 865 1161 838 1138 834 1138 830 1138 826 1138 822 1138 818 1138 818 1142 791 1165 428 1134 385 1130 381 1130 378 1130 374 1134 296 1177 253 1138 253 1134 249 1134 245 1134 175 1134 179 1258 179 1266 604 1278 608 1278 826 1258 1044 1243 1220 1255 1282 1258 1286 1258 1290 1258 1297 1255 1329 1239 1387 1255 1411 1258 1414 1258 1418 1258 1492 1251 1687 1231 1808 1247 1863 1255 1867 1255 1870 1255 1874 1255 1882 1247 1913 1227 2174 1243 2249 1247 2252 1247 2256 1247 2272 1243 2334 1220 2369 1243 2373 1243 2377 1243 2381 1243 2705 1235 2705 1204 2697 1138 2693 1134"/></Shape>
	    <String CONTENT="L&#x27;Hermés Ernest devenu Nain"
                    HPOS="175"
                    VPOS="1099"
                    WIDTH="2530"
                    HEIGHT="179"></String>
          </TextLine>

          
          
          <TextLine ID="eSc_line_2f70d94c"
                    TAGREFS="LT1649"
                    BASELINE="229 1508 1130 1481 2490 1469" 
                    HPOS="226"
                    VPOS="1303"
                    WIDTH="2264"
                    HEIGHT="244">
            <Shape><Polygon POINTS="229 1520 268 1547 272 1547 276 1547 280 1547 479 1512 483 1512 541 1543 545 1543 549 1547 678 1547 678 1543 682 1543 744 1512 861 1512 892 1535 896 1535 900 1535 904 1535 1067 1504 1142 1524 1145 1524 1149 1524 1286 1500 1379 1524 1383 1524 1387 1524 1391 1524 1395 1524 1434 1496 1629 1496 1726 1527 1730 1527 1734 1527 1738 1527 1789 1508 2100 1512 2104 1512 2108 1512 2112 1512 2143 1488 2186 1520 2190 1520 2194 1520 2198 1520 2291 1500 2436 1516 2440 1516 2443 1516 2447 1516 2490 1485 2490 1469 2482 1410 2377 1387 2373 1387 2284 1403 2233 1360 2229 1360 2225 1360 2132 1360 2128 1360 2124 1360 2120 1360 2120 1364 2073 1407 2069 1407 2058 1407 1831 1364 1828 1364 1824 1364 1820 1364 1820 1368 1789 1399 1726 1368 1722 1368 1625 1368 1621 1368 1617 1368 1613 1368 1613 1372 1582 1403 1563 1422 1500 1422 1266 1414 1243 1399 1220 1383 1216 1383 1212 1383 1208 1383 1204 1383 1094 1303 1048 1426 931 1395 869 1379 865 1379 861 1379 857 1379 853 1379 853 1383 838 1395 814 1422 736 1434 635 1434 580 1399 576 1399 572 1399 569 1399 565 1399 561 1399 561 1403 522 1438 409 1438 335 1391 331 1387 327 1387 323 1387 319 1387 226 1387 229 1508"/></Shape>
	    <String CONTENT="La quatrième Malourène"
                    HPOS="226"
                    VPOS="1303"
                    WIDTH="2264"
                    HEIGHT="244"></String>
          </TextLine>

          
          
          <TextLine ID="eSc_line_699ec1a2"
                    TAGREFS="LT1649"
                    BASELINE="226 1750 2467 1715" 
                    HPOS="222"
                    VPOS="1613"
                    WIDTH="2245"
                    HEIGHT="187">
            <Shape><Polygon POINTS="226 1750 226 1761 327 1765 374 1800 378 1800 381 1800 385 1800 389 1800 545 1757 549 1757 604 1796 608 1796 611 1796 615 1796 904 1754 958 1792 962 1792 966 1792 970 1792 1118 1789 1122 1789 1258 1746 1262 1746 1290 1769 1290 1773 1294 1773 1297 1773 1301 1773 1457 1742 1469 1742 1547 1742 1582 1769 1586 1769 1590 1769 1594 1769 1598 1769 1691 1742 1734 1769 1738 1769 1742 1769 1746 1769 1750 1769 1754 1769 1754 1765 1785 1738 1859 1765 1863 1765 1867 1765 2061 1734 2093 1761 2093 1765 2097 1765 2100 1765 2104 1765 2108 1765 2139 1754 2167 1773 2171 1773 2174 1773 2178 1773 2319 1750 2404 1761 2408 1761 2412 1761 2416 1761 2467 1726 2467 1715 2459 1656 2217 1656 2213 1652 2163 1617 2159 1617 2155 1617 2151 1617 2147 1617 2143 1617 2143 1621 2108 1652 2100 1664 2061 1664 2038 1652 1945 1613 1941 1613 1937 1613 1933 1613 1847 1648 1816 1664 1785 1648 1715 1613 1711 1613 1707 1613 1703 1613 1640 1648 1617 1660 1563 1648 1488 1633 1485 1633 1481 1633 1477 1633 1477 1637 1465 1648 1442 1676 1340 1676 1309 1644 1294 1633 1290 1633 1286 1633 1282 1633 1278 1633 1239 1644 1188 1664 1153 1644 1122 1625 1118 1625 1114 1625 986 1625 982 1625 978 1625 974 1625 974 1629 954 1644 912 1679 650 1660 647 1660 643 1660 639 1660 639 1664 615 1687 533 1687 479 1640 471 1633 467 1633 463 1633 459 1633 222 1637 226 1750"/></Shape>
	    <String CONTENT="Est un fleuve vert et doré"
                    HPOS="222"
                    VPOS="1613"
                    WIDTH="2245"
                    HEIGHT="187"></String>
          </TextLine>

          
          
          <TextLine ID="eSc_line_ba0a30d6"
                    TAGREFS="LT1649"
                    BASELINE="237 1991 3024 1956" 
                    HPOS="233"
                    VPOS="1859"
                    WIDTH="2791"
                    HEIGHT="171">
            <Shape><Polygon POINTS="237 1991 237 2011 339 2030 343 2030 346 2030 350 2030 370 2011 374 2007 580 2007 643 2011 818 2026 822 2026 826 2026 873 2011 896 2003 947 2011 1044 2022 1048 2022 1114 2011 1165 1999 1258 2007 1368 2019 1372 2019 1691 2007 2171 1987 2237 2003 2249 2007 2252 2007 2256 2007 3020 1999 3024 1956 3016 1902 2689 1902 2611 1874 2607 1874 2603 1874 2599 1874 2595 1874 2568 1898 2404 1859 2401 1859 2397 1859 2276 1906 1968 1867 1964 1867 1960 1867 1878 1909 1812 1867 1808 1867 1804 1867 1800 1867 1796 1867 1792 1867 1742 1913 1640 1878 1637 1878 1633 1878 1629 1878 1555 1913 1496 1878 1492 1878 1488 1878 1485 1878 1481 1878 1477 1878 1438 1909 1391 1890 1387 1890 1383 1890 1379 1890 1375 1890 1336 1917 1149 1898 1145 1898 1142 1898 1079 1913 1001 1890 997 1890 993 1890 990 1890 900 1921 853 1882 849 1882 845 1882 732 1882 728 1882 724 1882 721 1882 670 1925 670 1929 631 1929 631 1925 549 1882 545 1882 541 1882 397 1906 276 1886 272 1886 268 1886 265 1886 265 1890 233 1917 237 1991"/></Shape>
	    <String CONTENT="C&#x27;est le soir quand les riveraines"
                    HPOS="233"
                    VPOS="1859"
                    WIDTH="2791"
                    HEIGHT="171"></String>
          </TextLine>

          
          
          <TextLine ID="eSc_line_74ba9001"
                    TAGREFS="LT1649"
                    BASELINE="242 2244 2896 2221" 
                    HPOS="233"
                    VPOS="2098"
                    WIDTH="2661"
                    HEIGHT="205">
            <Shape><Polygon POINTS="239 2239 239 2274 263 2297 263 2303 268 2303 274 2303 280 2303 286 2303 415 2262 841 2303 847 2303 853 2303 859 2303 917 2268 1625 2280 1631 2280 1800 2250 1876 2291 1882 2291 1888 2297 2134 2297 2134 2291 2139 2291 2233 2245 2631 2286 2636 2286 2853 2274 2859 2274 2864 2274 2864 2268 2894 2239 2894 2215 2888 2145 2806 2098 2800 2098 2794 2098 2788 2098 2666 2139 2555 2110 2549 2110 2543 2110 2537 2110 2531 2110 2531 2116 2502 2139 2502 2145 2210 2151 1514 2151 1455 2134 1373 2110 1368 2110 1362 2110 1356 2110 1350 2110 1350 2116 1333 2128 1309 2157 1192 2157 1122 2128 1069 2110 1064 2110 1058 2110 1052 2110 1046 2110 1046 2116 1029 2128 1005 2157 877 2157 754 2122 719 2116 713 2116 707 2116 701 2116 684 2122 619 2151 561 2122 543 2116 537 2116 532 2116 496 2122 391 2145 233 2122 239 2239"/></Shape>
	    <String CONTENT="Y baignent leurs corps adorés"
                    HPOS="233"
                    VPOS="2098"
                    WIDTH="2661"
                    HEIGHT="205"></String>
          </TextLine>

          
          
          <TextLine ID="eSc_line_7ca1d309"
                    TAGREFS="LT1649"
                    BASELINE="253 2502 1411 2490 3632 2514" 
                    HPOS="249"
                    VPOS="2385"
                    WIDTH="3383"
                    HEIGHT="179">
            <Shape><Polygon POINTS="253 2502 249 2517 292 2545 296 2545 300 2545 304 2545 483 2514 584 2537 588 2537 592 2537 596 2537 678 2514 748 2533 752 2533 756 2533 982 2514 986 2514 990 2514 1021 2537 1025 2537 1029 2537 1032 2537 1036 2537 1106 2517 1212 2545 1216 2545 1220 2545 1223 2545 1270 2521 1329 2537 1333 2537 1336 2537 1664 2517 1668 2517 1769 2553 1773 2553 1777 2553 1781 2553 1886 2521 2007 2549 2011 2549 2015 2549 2085 2525 2288 2553 2291 2556 2463 2556 2463 2553 2467 2553 2549 2525 2603 2560 2607 2560 2611 2560 2615 2564 2884 2564 2884 2560 2888 2560 2892 2560 2935 2533 2989 2564 2993 2564 2997 2564 3145 2545 3546 2560 3550 2560 3554 2560 3628 2525 3632 2514 3632 2440 3531 2420 3527 2420 3523 2420 3519 2420 3496 2436 3476 2447 3313 2432 3242 2428 3239 2428 3235 2428 3219 2432 3157 2447 3083 2428 2958 2401 2954 2401 2950 2401 2892 2428 2853 2443 2802 2424 2728 2401 2724 2401 2720 2401 2716 2401 2712 2401 2677 2424 2642 2443 2346 2443 2291 2416 2288 2416 2284 2416 2280 2416 2256 2416 2116 2432 2077 2416 2069 2412 2065 2412 2061 2412 2038 2412 1867 2440 1781 2408 1742 2397 1738 2397 1734 2397 1730 2397 1683 2408 1582 2436 1508 2404 1477 2393 1473 2393 1469 2393 1414 2404 1301 2432 1145 2401 1083 2389 1079 2389 1075 2389 1052 2401 974 2436 802 2436 623 2393 600 2389 596 2389 592 2389 588 2389 584 2393 526 2436 483 2436 424 2389 420 2385 417 2385 413 2385 409 2385 253 2385 253 2502"/></Shape>
	    <String CONTENT="Et des chants de rameurs s&#x27;y trainent"
                    HPOS="249"
                    VPOS="2385"
                    WIDTH="3383"
                    HEIGHT="179"></String>
          </TextLine>

          
          
          <TextLine ID="eSc_line_c0daaac9"
                    TAGREFS="LT1649"
                    BASELINE="300 2783 1687 2767 2896 2786" 
                    HPOS="296"
                    VPOS="2662"
                    WIDTH="2600"
                    HEIGHT="167">
            <Shape><Polygon POINTS="296 2790 343 2821 346 2821 350 2821 354 2821 588 2790 643 2825 647 2825 650 2825 654 2825 658 2825 771 2794 806 2821 806 2825 810 2825 814 2825 818 2825 1196 2790 1321 2818 1325 2818 1329 2818 1403 2790 1820 2790 1863 2810 1867 2810 1870 2810 1874 2810 1917 2794 1976 2818 1980 2818 1983 2818 1987 2818 2058 2790 2061 2790 2233 2790 2237 2790 2268 2818 2268 2821 2272 2821 2276 2821 2354 2825 2358 2829 2853 2829 2853 2825 2857 2825 2860 2825 2892 2794 2896 2786 2892 2712 2580 2712 2568 2705 2490 2662 2486 2662 2260 2662 2256 2662 2252 2662 2249 2662 2249 2666 2210 2701 2198 2712 2100 2712 2069 2697 1987 2662 1983 2662 1980 2662 1859 2681 1792 2662 1789 2662 1785 2662 1781 2662 1777 2662 1750 2681 1598 2662 1594 2662 1590 2662 1586 2662 1547 2689 1512 2712 1387 2712 1340 2685 1333 2681 1329 2681 1325 2681 1321 2681 1313 2685 1278 2701 1239 2685 1188 2662 1184 2662 1181 2662 1177 2662 1134 2681 1071 2708 966 2681 962 2681 958 2681 954 2681 892 2705 787 2677 732 2662 728 2662 724 2662 721 2662 686 2673 596 2712 467 2712 389 2669 374 2662 370 2662 366 2662 300 2666 300 2783"/></Shape>
	    <String CONTENT="La cinquième Sainte-Fabeau"
                    HPOS="296"
                    VPOS="2662"
                    WIDTH="2600"
                    HEIGHT="167"></String>
          </TextLine>

          
          
          <TextLine ID="eSc_line_dc967c7b"
                    TAGREFS="LT1649"
                    BASELINE="366 3024 3192 3044" 
                    HPOS="362"
                    VPOS="2856"
                    WIDTH="2830"
                    HEIGHT="242">
            <Shape><Polygon POINTS="362 3036 428 3063 432 3063 436 3063 440 3063 506 3040 541 3063 545 3063 549 3063 553 3063 682 3044 709 3040 806 3040 814 3044 834 3063 838 3063 841 3063 845 3063 849 3063 884 3048 892 3044 900 3048 1017 3087 1021 3087 1025 3090 1200 3090 1200 3087 1204 3087 1208 3087 1251 3051 1258 3044 1360 3044 1504 3055 1668 3071 1672 3071 1792 3059 1941 3048 1968 3063 1995 3087 1999 3087 2003 3087 2007 3087 2011 3087 2015 3087 2042 3067 2050 3059 2069 3067 2147 3094 2151 3094 2155 3094 2159 3094 2163 3094 2206 3067 2237 3051 2303 3051 2330 3071 2358 3094 2362 3094 2365 3094 2369 3094 2611 3075 2673 3071 2693 3075 2759 3098 2763 3098 2767 3098 3188 3083 3192 3044 3192 2981 3110 2981 3106 2977 3040 2923 3036 2923 3032 2923 3028 2923 3024 2923 2915 2974 2903 2981 2712 2981 2681 2970 2595 2942 2592 2942 2588 2942 2584 2942 2514 2966 2498 2970 2490 2966 2455 2942 2451 2942 2447 2942 2443 2942 2440 2942 2377 2962 2338 2974 2163 2974 2139 2958 2069 2915 2065 2915 2061 2915 2058 2915 2054 2915 1980 2954 1948 2974 1890 2974 1867 2954 1824 2915 1820 2915 1816 2915 1812 2915 1656 2935 1512 2915 1508 2915 1504 2915 1500 2915 1461 2942 1426 2966 1290 2958 1258 2938 1204 2911 1200 2911 1196 2911 1192 2911 1188 2911 1149 2938 1099 2970 1005 2970 966 2935 935 2907 931 2907 927 2907 923 2907 919 2907 861 2931 787 2966 728 2966 686 2927 662 2907 658 2907 654 2907 650 2907 647 2907 588 2927 486 2856 366 2919 366 3024"/></Shape>
	    <String CONTENT="C&#x27;est la plus belle des quenouilles"
                    HPOS="362"
                    VPOS="2856"
                    WIDTH="2830"
                    HEIGHT="242"></String>
          </TextLine>

          
          
          <TextLine ID="eSc_line_7593764f"
                    TAGREFS="LT1649"
                    BASELINE="319 3270 2120 3278 3246 3301" 
                    HPOS="315"
                    VPOS="3108"
                    WIDTH="2931"
                    HEIGHT="310">
            <Shape><Polygon POINTS="315 3281 389 3317 393 3317 397 3317 401 3317 483 3285 631 3309 635 3309 639 3309 689 3285 693 3285 849 3285 857 3289 884 3313 888 3313 892 3313 896 3313 1118 3293 1161 3289 1169 3293 1216 3332 1220 3332 1223 3332 1330 3418 1516 3313 1563 3332 1566 3332 1570 3332 1574 3332 1660 3297 1676 3293 1859 3293 1870 3301 1898 3324 1902 3324 1906 3324 1909 3324 2073 3305 2132 3297 2143 3305 2167 3324 2171 3324 2174 3324 2178 3324 2354 3309 2358 3309 2397 3328 2401 3328 2404 3328 2408 3328 2471 3309 2494 3301 2502 3309 2545 3344 2549 3344 2553 3344 2556 3344 2728 3320 2806 3344 2810 3344 2814 3344 2818 3344 2849 3328 3207 3348 3211 3348 3215 3348 3219 3348 3242 3320 3246 3301 3246 3235 2919 3223 2872 3192 2868 3192 2864 3192 2860 3192 2607 3211 2537 3188 2533 3188 2529 3188 2525 3188 2424 3219 2416 3219 2404 3219 2245 3192 2241 3192 2237 3192 2163 3215 2139 3219 2097 3211 1909 3180 1906 3180 1902 3180 1898 3180 1851 3207 1843 3215 1672 3219 1652 3203 1629 3184 1625 3184 1621 3184 1617 3184 1613 3184 1609 3184 1582 3203 1559 3215 1360 3200 1239 3192 1235 3192 1231 3192 1227 3192 1223 3200 1200 3219 1067 3219 1009 3196 962 3176 958 3176 954 3176 951 3176 947 3176 923 3192 892 3215 732 3215 682 3188 635 3168 631 3168 350 3108 319 3270"/></Shape>
	    <String CONTENT="C&#x27;est un cyprès sur un tombeau"
                    HPOS="315"
                    VPOS="3108"
                    WIDTH="2931"
                    HEIGHT="310"></String>
          </TextLine>

          
          
          <TextLine ID="eSc_line_3961d850"
                    TAGREFS="LT1649"
                    BASELINE="222 3523 3523 3562" 
                    HPOS="218"
                    VPOS="3410"
                    WIDTH="3305"
                    HEIGHT="214">
            <Shape><Polygon POINTS="218 3543 343 3570 346 3570 623 3546 658 3546 666 3546 721 3574 724 3574 728 3574 732 3574 775 3550 787 3546 873 3546 880 3550 947 3597 951 3597 954 3597 958 3601 1103 3601 1103 3597 1106 3597 1110 3597 1157 3566 1527 3582 1531 3582 1754 3558 1769 3558 1773 3558 1886 3609 1890 3609 1894 3609 1898 3609 2026 3574 2135 3585 2139 3585 2143 3585 2147 3585 2178 3562 2182 3562 2326 3562 2346 3562 2397 3601 2401 3601 2404 3601 2408 3601 2412 3601 2498 3570 2560 3617 2564 3617 2568 3617 3129 3621 3133 3621 3137 3621 3141 3621 3168 3601 3219 3624 3223 3624 3227 3624 3422 3617 3426 3617 3519 3574 3523 3562 3523 3500 3414 3461 3410 3461 3406 3461 3402 3461 3313 3496 3301 3500 3289 3496 3188 3441 3184 3441 3126 3441 3122 3441 3118 3441 3114 3441 3044 3492 3032 3500 2938 3500 2892 3488 2740 3457 2736 3457 2607 3476 2529 3433 2525 3433 2420 3433 2416 3433 2412 3433 2408 3433 2346 3480 2330 3488 2182 3488 2163 3476 2093 3430 2089 3430 2085 3430 2081 3430 2077 3430 1968 3472 1952 3476 1917 3472 1789 3449 1785 3449 1781 3449 1777 3449 1750 3469 1730 3480 1473 3480 1442 3465 1352 3422 1348 3422 1344 3422 1340 3422 1220 3461 1173 3472 1091 3457 1001 3441 997 3441 993 3441 962 3457 923 3472 818 3472 783 3453 717 3414 713 3414 518 3410 514 3410 510 3410 366 3410 362 3410 265 3410 261 3410 257 3410 253 3410 222 3430 222 3523"/></Shape>
	    <String CONTENT="Où les quatres vents s&#x27;agenouillent"
                    HPOS="218"
                    VPOS="3410"
                    WIDTH="3305"
                    HEIGHT="214"></String>
          </TextLine>

          
          
          <TextLine ID="eSc_line_7f5004a6"
                    TAGREFS="LT1649"
                    BASELINE="175 3784 3363 3819" 
                    HPOS="171"
                    VPOS="3679"
                    WIDTH="3192"
                    HEIGHT="203">
            <Shape><Polygon POINTS="175 3784 171 3804 233 3843 237 3843 241 3843 245 3843 323 3839 327 3839 331 3839 389 3800 514 3800 518 3800 541 3823 545 3823 549 3823 553 3823 686 3815 775 3858 779 3858 884 3862 888 3866 1064 3866 1064 3862 1067 3862 1173 3808 1177 3808 1294 3808 1297 3812 1368 3847 1372 3847 1375 3847 1613 3843 1617 3843 1672 3815 1757 3815 1761 3815 1804 3843 1808 3843 1812 3843 1816 3843 1820 3843 1878 3819 1886 3815 1894 3819 1987 3847 1991 3847 1995 3847 1999 3847 2089 3819 2097 3819 2229 3819 2237 3823 2272 3847 2276 3847 2280 3847 2475 3851 2479 3851 2482 3851 2486 3851 2517 3831 2654 3882 2658 3882 2662 3882 2786 3858 2818 3878 2822 3878 2825 3878 2829 3878 2833 3878 2837 3878 2892 3839 2935 3870 2938 3870 2942 3870 2946 3870 3051 3851 3137 3882 3141 3882 3145 3882 3359 3835 3363 3819 3359 3765 3098 3761 3094 3757 3009 3714 3005 3714 3001 3714 2997 3714 2993 3714 2938 3753 2923 3753 2790 3753 2786 3749 2732 3706 2728 3706 2724 3706 2642 3702 2638 3702 2634 3702 2556 3741 2537 3749 2436 3737 2326 3726 2323 3726 2252 3734 2151 3745 2128 3730 2085 3698 2081 3698 2077 3698 1937 3695 1933 3695 1929 3695 1925 3695 1882 3722 1863 3734 1835 3722 1808 3710 1804 3710 1800 3710 1796 3710 1773 3722 1722 3741 1691 3718 1664 3695 1660 3695 1656 3695 1582 3691 1399 3691 1395 3691 1391 3691 1356 3710 1297 3741 1231 3741 1126 3737 1083 3702 1079 3702 1075 3702 1071 3702 1067 3702 986 3737 904 3737 873 3710 873 3706 869 3706 865 3706 861 3706 857 3706 806 3730 724 3691 701 3683 697 3683 600 3683 596 3683 592 3683 588 3683 584 3687 514 3730 436 3730 350 3683 343 3679 339 3679 175 3679 175 3784"/></Shape>
	    <String CONTENT="Et chaque nuit c&#x27;est un flambeau"
                    HPOS="171"
                    VPOS="3679"
                    WIDTH="3192"
                    HEIGHT="203"></String>
          </TextLine>

          
          
          <TextLine ID="eSc_line_575815d1"
                    TAGREFS="LT1649"
                    BASELINE="214 4112 1216 4096 2810 4127" 
                    HPOS="210"
                    VPOS="3934"
                    WIDTH="2600"
                    HEIGHT="248">
            <Shape><Polygon POINTS="210 4119 358 4155 362 4155 366 4155 456 4123 456 4119 647 4116 658 4123 682 4143 682 4147 686 4147 689 4147 693 4147 697 4147 752 4127 845 4162 849 4162 853 4162 857 4162 962 4123 978 4119 990 4123 1009 4139 1013 4139 1017 4139 1021 4139 1099 4127 1165 4116 1473 4116 1485 4127 1512 4151 1516 4151 1520 4151 1524 4151 1601 4135 1629 4158 1633 4158 1637 4158 1640 4158 1917 4131 1995 4123 2026 4131 2139 4162 2143 4162 2147 4162 2249 4147 2280 4170 2280 4174 2284 4174 2288 4174 2404 4178 2408 4182 2553 4182 2553 4178 2556 4178 2560 4178 2595 4155 2744 4166 2747 4166 2751 4166 2806 4135 2810 4127 2810 4057 2646 4026 2642 4026 2638 4026 2584 4049 2572 4053 2564 4049 2506 3999 2502 3999 2498 3999 2494 3999 2490 3999 2412 4041 2350 4022 2346 4022 2342 4022 2338 4022 2334 4022 2334 4026 2315 4041 2303 4053 2237 4053 2217 4038 2171 3995 2167 3995 2163 3995 2159 3995 2155 3995 2089 4034 2054 4053 2007 4053 1983 4030 1945 3995 1945 3991 1941 3991 1937 3991 1867 3991 1863 3991 1859 3991 1855 3991 1816 4018 1789 3995 1789 3991 1785 3991 1781 3991 1683 3991 1679 3991 1676 3991 1672 3991 1672 3995 1644 4018 1625 4034 1555 4018 1551 4018 1547 4018 1496 4045 1305 4045 1235 4006 1231 4006 1227 4006 1223 4006 1184 4026 975 3957 830 3995 787 3979 729 3934 643 3979 639 3979 635 3979 631 3979 623 3987 565 4038 381 4038 296 3975 292 3975 288 3975 214 3975 214 4112"/></Shape>
	    <String CONTENT="La Sixième métal de gloire"
                    HPOS="210"
                    VPOS="3934"
                    WIDTH="2600"
                    HEIGHT="248"></String>
          </TextLine>

          
          
          <TextLine ID="eSc_line_55921dcb"
                    TAGREFS="LT1649"
                    BASELINE="222 4369 3196 4357" 
                    HPOS="218"
                    VPOS="4237"
                    WIDTH="2978"
                    HEIGHT="171">
            <Shape><Polygon POINTS="222 4385 272 4408 276 4408 280 4408 284 4408 350 4385 358 4385 678 4385 682 4385 709 4408 713 4408 717 4408 721 4408 1091 4388 1223 4381 1633 4381 1648 4388 1668 4404 1672 4404 1676 4404 1679 4404 1683 4404 1730 4388 1757 4381 1855 4381 1870 4388 1890 4404 1894 4404 1898 4404 1902 4404 1983 4388 2026 4381 2069 4388 2147 4404 2151 4404 2576 4400 2580 4400 2584 4400 2595 4388 2615 4377 2705 4377 2724 4388 2736 4400 2740 4400 2744 4400 2747 4400 3192 4388 3196 4357 3188 4303 2755 4279 2751 4279 2747 4279 2744 4279 2720 4299 2716 4303 2338 4303 2334 4299 2252 4260 2249 4260 2245 4260 2241 4260 2151 4299 2139 4307 2069 4307 2061 4299 2015 4260 2011 4260 2007 4260 2003 4260 1925 4264 1921 4264 1917 4264 1874 4299 1870 4303 1851 4299 1726 4264 1722 4264 1524 4260 1520 4260 1516 4260 1512 4260 1469 4295 1457 4307 1247 4307 1220 4237 1087 4264 1083 4264 756 4264 752 4264 748 4264 744 4264 705 4295 689 4310 611 4310 588 4295 537 4264 533 4264 530 4264 397 4264 393 4264 389 4264 385 4264 354 4287 245 4264 241 4264 237 4264 233 4264 233 4268 218 4279 222 4369"/></Shape>
	    <String CONTENT="C&#x27;est l&#x27;ami aux si douces mains"
                    HPOS="218"
                    VPOS="4237"
                    WIDTH="2978"
                    HEIGHT="171"></String>
          </TextLine>

          
          
          <TextLine ID="eSc_line_d1f8a1ed"
                    TAGREFS="LT1649"
                    BASELINE="237 4618 3180 4579" 
                    HPOS="233"
                    VPOS="4490"
                    WIDTH="2947"
                    HEIGHT="179">
            <Shape><Polygon POINTS="237 4618 237 4638 432 4669 436 4669 440 4669 557 4634 569 4634 588 4634 760 4657 763 4657 892 4638 1110 4669 1114 4669 1395 4626 1414 4622 1430 4622 1605 4657 1609 4657 1765 4630 1835 4650 1839 4650 1843 4650 1847 4650 1906 4622 1980 4653 1983 4653 1987 4653 1991 4653 1995 4653 1995 4650 2034 4614 2038 4614 2108 4614 2112 4614 2167 4653 2171 4653 2174 4653 2178 4657 2284 4657 2284 4653 2288 4653 2338 4630 2490 4650 2494 4650 2498 4650 2595 4607 2599 4607 2603 4607 2658 4642 2662 4642 2666 4642 2880 4646 2884 4646 3180 4599 3180 4579 3172 4525 3028 4490 3024 4490 3020 4490 3016 4490 2981 4517 2876 4517 2728 4490 2724 4490 2720 4490 2716 4490 2669 4521 2662 4525 2595 4521 2307 4498 2303 4498 2299 4498 2256 4521 2245 4525 2229 4521 2202 4509 2198 4509 2194 4509 2120 4521 1995 4537 1964 4517 1960 4517 1956 4517 1952 4517 1948 4517 1945 4517 1906 4533 1882 4517 1835 4490 1831 4490 1828 4490 1824 4490 1820 4490 1816 4490 1773 4517 1746 4533 1613 4517 1539 4509 1535 4509 1531 4509 1527 4509 1520 4517 1485 4544 1301 4544 1220 4517 1212 4513 1208 4513 1204 4513 1184 4517 1114 4529 1083 4513 1067 4509 1064 4509 1060 4509 1056 4509 1052 4509 1044 4513 1013 4537 896 4513 826 4501 822 4501 818 4501 814 4501 795 4513 744 4544 639 4552 584 4513 576 4505 572 4505 569 4505 565 4505 522 4513 432 4529 233 4513 237 4618"/></Shape>
	    <String CONTENT="Dont chaque matin nous sépare"
                    HPOS="233"
                    VPOS="4490"
                    WIDTH="2947"
                    HEIGHT="179"></String>
          </TextLine>

          
          
          <TextLine ID="eSc_line_dd170ffd"
                    TAGREFS="LT1649"
                    BASELINE="210 4954 1496 4899 2459 4880" 
                    HPOS="206"
                    VPOS="4790"
                    WIDTH="2253"
                    HEIGHT="195">
            <Shape><Polygon POINTS="210 4981 502 4985 506 4985 666 4965 779 4950 892 4954 1110 4965 1114 4965 1118 4965 1204 4942 1235 4934 1266 4938 1348 4954 1352 4954 1356 4954 1360 4954 1379 4934 1387 4930 1407 4934 1512 4950 1516 4950 1520 4950 1563 4926 1570 4922 1586 4926 1633 4938 1637 4938 1640 4938 1765 4918 1792 4915 1800 4918 1839 4938 1843 4938 1847 4938 1851 4938 1948 4911 1952 4911 1999 4934 2003 4934 2007 4934 2330 4903 2420 4918 2424 4918 2428 4918 2432 4918 2459 4891 2459 4880 2451 4817 2026 4805 2022 4805 2019 4805 2015 4805 2015 4809 1995 4825 1960 4794 1960 4790 1956 4790 1952 4790 1882 4790 1878 4790 1874 4790 1761 4841 1757 4844 1633 4844 1629 4844 1601 4821 1601 4817 1598 4817 1594 4817 1590 4817 1586 4817 1543 4829 1465 4805 1461 4805 1457 4805 1453 4805 1383 4833 1329 4813 1325 4813 1321 4813 1317 4813 1313 4813 1313 4817 1274 4856 1274 4860 1181 4798 1091 4817 1087 4817 1083 4817 1021 4821 1017 4821 1013 4821 966 4864 904 4833 900 4833 896 4833 892 4833 748 4876 740 4876 713 4876 631 4876 584 4841 580 4841 576 4841 572 4841 569 4841 565 4841 514 4883 448 4841 444 4841 440 4841 436 4841 432 4841 358 4864 300 4844 296 4844 292 4844 288 4844 206 4887 210 4954"/></Shape>
	    <String CONTENT="Adieu voilà votre chemin"
                    HPOS="206"
                    VPOS="4790"
                    WIDTH="2253"
                    HEIGHT="195"></String>
          </TextLine>

          
          
          <TextLine ID="eSc_line_98bc7c2f"
                    TAGREFS="LT1649"
                    BASELINE="233 5211 2977 5172" 
                    HPOS="229"
                    VPOS="5051"
                    WIDTH="2748"
                    HEIGHT="234">
            <Shape><Polygon POINTS="233 5223 405 5269 409 5269 413 5269 417 5269 420 5269 471 5223 510 5223 537 5223 541 5223 584 5262 588 5262 592 5262 596 5262 654 5254 767 5285 771 5285 775 5285 838 5281 841 5281 845 5281 845 5277 912 5223 947 5254 951 5254 954 5254 958 5258 1021 5258 1021 5254 1025 5254 1029 5254 1029 5250 1064 5219 1134 5277 1138 5277 1142 5277 1145 5281 1251 5281 1251 5277 1255 5277 1258 5277 1348 5219 1360 5211 1442 5219 1637 5234 1640 5234 1878 5215 2019 5203 2034 5215 2054 5230 2054 5234 2058 5234 2061 5234 2065 5234 2069 5234 2151 5215 2163 5211 2167 5211 2210 5234 2213 5234 2217 5234 2221 5234 2225 5234 2256 5211 2272 5199 2288 5211 2346 5262 2350 5262 2354 5262 2358 5262 2494 5258 2498 5258 2502 5258 2502 5254 2533 5230 2564 5258 2568 5258 2572 5258 2576 5262 2701 5262 2701 5258 2705 5258 2794 5211 2798 5207 2802 5211 2880 5238 2884 5238 2888 5238 2892 5238 2977 5207 2977 5172 2970 5117 2849 5117 2849 5113 2783 5059 2779 5059 2775 5059 2771 5059 2615 5063 2611 5063 2525 5113 2517 5117 2510 5113 2440 5063 2436 5063 2432 5063 2428 5063 2424 5063 2319 5109 2295 5121 2194 5109 2116 5102 2112 5102 2108 5102 2104 5102 2097 5109 2077 5125 2015 5109 1886 5074 1882 5074 1878 5074 1874 5074 1024 5051 853 5145 814 5117 810 5117 806 5117 802 5117 799 5117 795 5117 763 5141 670 5125 666 5125 498 5152 440 5152 346 5098 339 5094 335 5094 331 5094 229 5094 233 5211"/></Shape>
	    <String CONTENT="Les coqs s&#x27;épuisaient en fanfares"
                    HPOS="229"
                    VPOS="5051"
                    WIDTH="2748"
                    HEIGHT="234"></String>
          </TextLine>

          
          
          <TextLine ID="eSc_line_351c5ee5"
                    TAGREFS="LT1649"
                    BASELINE="222 5491 2521 5472" 
                    HPOS="209"
                    VPOS="5322"
                    WIDTH="2312"
                    HEIGHT="220">
            <Shape><Polygon POINTS="222 5507 268 5534 272 5534 276 5534 280 5534 393 5507 518 5507 572 5534 576 5534 580 5534 584 5534 689 5503 849 5503 884 5534 884 5538 888 5538 892 5538 896 5542 1138 5542 1138 5538 1142 5538 1258 5499 1539 5523 1543 5523 1672 5495 1707 5527 1707 5530 1711 5530 1715 5530 1718 5530 1859 5499 1898 5530 1902 5530 1906 5530 1909 5534 1995 5534 1995 5530 1999 5530 2104 5499 2128 5519 2128 5523 2132 5523 2135 5523 2139 5523 2143 5523 2198 5503 2217 5523 2221 5523 2225 5523 2229 5523 2479 5515 2482 5515 2486 5515 2521 5488 2521 5472 2514 5414 2295 5410 2264 5378 2264 5375 2260 5375 2256 5375 2252 5375 2249 5375 2182 5402 2112 5355 2108 5355 2104 5355 2100 5355 2097 5355 1780 5349 1570 5421 1524 5402 1488 5386 1485 5386 1481 5386 1477 5386 1446 5402 1306 5322 962 5394 958 5394 954 5394 951 5394 912 5425 740 5421 705 5394 674 5371 670 5371 666 5371 588 5371 584 5371 580 5371 576 5371 576 5375 557 5390 518 5433 479 5433 428 5390 405 5371 401 5371 397 5371 393 5371 209 5341 222 5491"/></Shape>
	    <String CONTENT="Et la septièmes s&#x27;exténue"
                    HPOS="209"
                    VPOS="5322"
                    WIDTH="2312"
                    HEIGHT="220"></String>
          </TextLine>

          
          
          <TextLine ID="eSc_line_97c313f2"
                    TAGREFS="LT1649"
                    BASELINE="222 5815 2607 5760" 
                    HPOS="218"
                    VPOS="5655"
                    WIDTH="2389"
                    HEIGHT="211">
            <Shape><Polygon POINTS="222 5815 222 5831 288 5866 292 5866 296 5866 300 5866 304 5866 304 5862 331 5838 350 5854 354 5854 358 5854 362 5854 366 5854 370 5854 370 5850 397 5827 448 5842 452 5842 456 5842 553 5819 557 5819 561 5819 600 5858 600 5862 604 5862 608 5862 611 5866 732 5866 732 5862 1021 5815 1130 5842 1134 5842 1138 5842 1142 5842 1145 5842 1145 5838 1177 5807 1247 5834 1251 5834 1255 5834 1258 5834 1313 5807 1563 5823 1566 5823 1570 5823 1621 5799 1629 5795 1668 5799 1906 5823 1909 5823 2108 5788 2147 5784 2155 5788 2198 5827 2202 5827 2206 5827 2210 5827 2213 5827 2276 5795 2397 5811 2401 5811 2502 5792 2541 5811 2545 5811 2549 5811 2553 5811 2607 5780 2607 5760 2603 5690 2568 5659 2568 5655 2564 5655 2560 5655 2479 5655 2475 5655 2471 5655 2350 5694 2323 5706 2295 5698 2245 5679 2241 5679 2237 5679 2233 5679 2194 5698 2167 5714 2003 5714 1956 5702 1882 5682 1878 5682 1874 5682 1870 5682 1828 5702 1816 5710 1808 5706 1761 5675 1757 5675 1754 5675 1750 5675 1746 5675 1742 5675 1742 5679 1711 5706 1695 5721 1559 5721 1543 5710 1524 5694 1520 5694 1516 5694 1512 5694 1508 5694 1504 5694 1504 5698 1492 5710 1488 5714 1481 5710 1473 5702 1473 5698 1469 5698 1465 5698 1313 5698 1309 5698 1305 5698 1301 5698 1301 5702 1290 5710 1270 5733 1126 5733 1091 5714 1087 5710 1083 5710 1079 5710 1075 5710 1071 5710 1048 5714 993 5729 982 5718 974 5710 970 5710 966 5710 962 5710 923 5718 853 5733 830 5718 791 5694 787 5694 783 5694 701 5694 697 5694 693 5694 689 5694 647 5721 600 5749 498 5749 440 5725 385 5702 381 5702 378 5702 218 5725 222 5815"/></Shape>
	    <String CONTENT="Une femme une rose morte"
                    HPOS="218"
                    VPOS="5655"
                    WIDTH="2389"
                    HEIGHT="211"></String>
          </TextLine>

          
          
          <TextLine ID="eSc_line_7b0b9e01"
                    TAGREFS="LT1649"
                    BASELINE="179 6096 2490 6041" 
                    HPOS="175"
                    VPOS="5948"
                    WIDTH="2315"
                    HEIGHT="191">
            <Shape><Polygon POINTS="179 6096 179 6119 202 6139 206 6139 210 6139 214 6139 218 6139 222 6139 222 6135 249 6111 311 6135 315 6135 319 6135 323 6135 405 6103 627 6100 666 6100 701 6131 701 6135 705 6135 709 6135 713 6139 838 6139 838 6135 1091 6092 1118 6115 1118 6119 1122 6119 1126 6119 1317 6123 1321 6123 1325 6123 1329 6123 1387 6084 1453 6084 1485 6111 1485 6115 1488 6115 1492 6115 1496 6119 1644 6119 1644 6115 1648 6115 1652 6115 1683 6092 1785 6111 1789 6111 1792 6111 1870 6084 1945 6103 1948 6103 1952 6103 1956 6103 1960 6103 1960 6100 1999 6068 2307 6096 2311 6096 2490 6053 2490 6041 2482 5990 2229 5983 2178 5948 2174 5948 2171 5948 2167 5948 2163 5948 2046 5990 2030 5994 2022 5990 1995 5963 1991 5963 1987 5963 1983 5963 1980 5963 1925 5979 1847 5948 1843 5948 1839 5948 1835 5948 1831 5948 1831 5951 1792 5986 1711 5963 1707 5963 1703 5963 1699 5963 1640 5990 1637 5990 1629 5990 1555 5955 1551 5955 1547 5955 1543 5955 1539 5955 1539 5959 1508 5990 1488 6014 1333 6014 1305 5990 1274 5963 1270 5963 1266 5963 1184 5963 1181 5963 1177 5963 1173 5963 1173 5967 1149 5990 1122 6022 962 6022 927 5994 927 5990 923 5990 919 5990 915 5990 912 5990 908 5990 908 5994 880 6018 748 5994 744 5994 740 5994 736 5994 689 6029 557 6029 479 5990 467 5983 463 5983 459 5983 420 5990 339 6002 175 5990 179 6096"/></Shape>
	    <String CONTENT="Merci que le dernier venu"
                    HPOS="175"
                    VPOS="5948"
                    WIDTH="2315"
                    HEIGHT="191"></String>
          </TextLine>

          
          
          <TextLine ID="eSc_line_5e7b0e6d"
                    TAGREFS="LT1649"
                    BASELINE="261 6372 3087 6353" 
                    HPOS="257"
                    VPOS="6252"
                    WIDTH="2830"
                    HEIGHT="175">
            <Shape><Polygon POINTS="261 6372 261 6384 354 6415 358 6415 362 6415 545 6388 744 6407 748 6407 947 6384 1559 6411 1563 6411 1566 6411 1652 6380 1711 6423 1715 6423 1718 6423 1722 6427 1874 6427 1874 6423 2097 6376 2264 6376 2307 6407 2311 6407 2315 6407 2319 6407 2323 6407 2373 6392 2408 6415 2412 6415 2416 6415 2420 6415 2564 6388 2599 6415 2603 6415 2607 6415 2611 6419 2794 6419 2794 6415 2911 6411 2915 6411 2919 6411 2946 6388 3048 6400 3051 6400 3055 6400 3059 6400 3059 6396 3087 6368 3087 6353 3079 6252 2954 6252 2950 6252 2946 6252 2942 6252 2868 6298 2779 6271 2775 6271 2771 6271 2514 6302 2447 6255 2443 6255 2440 6255 2373 6255 2369 6255 2365 6255 2362 6255 2307 6302 2007 6271 2003 6271 1999 6271 1890 6298 1800 6259 1796 6259 1792 6259 1789 6259 1785 6259 1726 6306 1465 6279 1461 6279 997 6310 900 6263 896 6263 892 6263 888 6263 884 6263 880 6263 826 6287 771 6267 767 6267 763 6267 760 6267 756 6267 682 6318 631 6318 588 6279 584 6279 580 6279 576 6279 572 6279 495 6302 456 6267 452 6267 448 6267 444 6267 257 6267 261 6372"/></Shape>
	    <String CONTENT="Sur mon amour ferme la porte"
                    HPOS="257"
                    VPOS="6252"
                    WIDTH="2830"
                    HEIGHT="175"></String>
          </TextLine>

          
          
          <TextLine ID="eSc_line_955f24d0"
                    TAGREFS="LT1649"
                    BASELINE="265 6684 643 6665 2938 6645" 
                    HPOS="261"
                    VPOS="6567"
                    WIDTH="2677"
                    HEIGHT="156">
            <Shape><Polygon POINTS="265 6684 265 6715 397 6723 401 6723 405 6723 432 6715 526 6684 662 6704 666 6704 853 6680 884 6708 896 6715 900 6715 904 6715 908 6715 912 6715 931 6704 947 6696 958 6704 982 6719 986 6719 990 6719 993 6719 1149 6708 1153 6708 1157 6708 1165 6700 1200 6676 1368 6696 1375 6696 1379 6696 1391 6696 1609 6672 1633 6692 1656 6711 1660 6711 1664 6711 1668 6715 1828 6715 1828 6711 1937 6684 1983 6676 2050 6684 2155 6696 2159 6696 2241 6680 2323 6665 2369 6676 2440 6700 2443 6700 2447 6700 2451 6700 2455 6700 2486 6676 2490 6676 2607 6692 2611 6692 2755 6672 2896 6700 2899 6700 2903 6700 2907 6700 2938 6672 2938 6645 2935 6591 2845 6567 2841 6567 2837 6567 2576 6591 2362 6571 2358 6571 2354 6571 2280 6595 2217 6571 2213 6571 2210 6571 2206 6571 2139 6591 1898 6571 1894 6571 1890 6571 1886 6571 1886 6575 1859 6598 1715 6575 1711 6575 1707 6575 1703 6575 1672 6598 919 6583 915 6583 732 6606 697 6583 693 6583 689 6583 686 6583 682 6583 678 6583 678 6587 658 6602 631 6587 627 6587 623 6587 619 6587 452 6610 300 6587 296 6587 292 6587 288 6587 261 6606 265 6684"/></Shape>
	    <String CONTENT="Je ne vous ai jamais connue"
                    HPOS="261"
                    VPOS="6567"
                    WIDTH="2677"
                    HEIGHT="156"></String>
          </TextLine>

          
        </TextBlock>
        

        
      </PrintSpace>
    </Page>
  </Layout>
</alto>
