4958 7016
210 144 1501 183 LES COLCHIQUES

187 336 3749 244 LE PRÉ EST VÉNÉNEUX MAIS JOLI EN AUTOMNE

210 662 2163 195 LES VACHES Y PAISSANT

241 858 2425 260 LENTEMENT S'EMPOISONNENT

229 1190 3851 201 LE COLCHIQUE COULEUR DE CERNE ET DE LILAS

241 1469 3984 210 Y FLEURIT TES YEUX SONT COMME CETTE FLEUR-LÀ

175 1792 4034 227 Violatres Comme Leur Cerne Et Comme Cet

163 2174 932 160 Automne

179 2397 3652 210 Et Ma Vie Pour Tes Yeux Lentement

222 2736 1313 183 S'Empoisonne

218 2940 3812 263 Les Enfants De L'École Viennent Avec

210 3317 702 163 Fracas

183 3609 3668 199 Vêtus de Hoquetons Et Jouant De

202 3917 1267 167 L'HARMONICA

155 4174 4136 265 ILS Cueillent Les Colchiques Qui Sont Des

148 4483 561 174 Mères

136 4724 4100 206 Filles de leurs Filles et Sont couleur de tes

179 5035 756 207 paupières

105 5336 4447 288 Qui battent comme les fleurs battent au Vent

159 5597 877 183 Dément

109 5854 4151 226 LE GARDIEN DU TROUPEAU CHANTE TOUT DOUCEMENT

116 6100 3735 226 Tandis que lentes le et meuglant les vaches

93 6404 1169 144 abandonnent

120 6634 4085 272 Pour toujours ce grand pré mal fleuri par l'automne
