4958 7016
155 97 585 179 PALAIS

105 378 1157 206 A Max Jacob

190 627 4031 234 Vers le palais de Rosemonde au fond du Rêve

222 871 3761 259 Mes rêveuses pensées pieds nus vont en soirée

214 1083 3929 289 Le palais don du roi comme un roi nu s'élève

218 1467 3976 193 Des chairs fouettées des roses de la roseraie

218 1804 3855 164 on voit venir au fond du jardin mes pensées

245 2042 4124 210 qui sourient du concert joué par des grenouilles

222 2412 3742 191 Elles ont envie des cyprès grandes quenouilles

229 2693 3450 191 Et le soleil miroir des roses s'est brisé

245 2966 3820 191 Le stigmate sanglant des mains contre les vitres

245 3266 3765 179 Quel archet mal blessé du couchant le troua

140 3527 3769 203 La résine qui rend amer le vin de Chypre

179 3804 3590 282 ma bouche aux agapes d'agneau blanc

206 3999 826 241 l'éprouva

198 4346 4276 202 Sur les genoux pointus du monarque adultère

148 4603 3987 171 Sur le mai de son âge et sur son trente et un

136 4900 3025 186 Madame Rosemonde roule avec mystère

179 5207 4365 195 Ses petits yeux tout ronds pareils aux yeux des Huns

163 5534 3512 191 Dame de mes pensées au cul de perle fine

187 5798 3172 263 Dont ni perle ni cul n'égale l'orient

136 6174 2113 187 Qui donc attendez-vous

140 6379 3461 247 De rêveuses pensées en marche à l'Orient

128 6719 1817 187 Mes plus belles voisines
