4958 7016
128 93 3972 222 Toc toc Entrez dans l'antichambre le jour baisse

159 346 4019 246 La veilleuse dans l'ombre est un bijou d'or cuit

202 614 3508 227 Pendez vos têtes aux patères par les tresses

190 880 4128 234 Le ciel presque nocturne a des lueurs d'aiguilles

183 1157 3699 172 On entra dans la salle à manger les narines

183 1410 3710 242 Reniflaient une odeur de graisse et de graillon

148 1715 3722 194 On eut vingt potages dont trois couleurs d'urine

198 1960 3964 242 Et le roi prit deux oeufs pochés dans du bouillon

120 2241 3699 218 puis les marmitons apportèrent les viandes

148 2514 3769 194 des rôtis de pensées mortes dans mon cerveau

144 2745 4568 209 mes beaux rêves morts-nés en tranches bien saignantes

152 3048 3640 175 et mes souvenirs faisandés en godiveaux

113 3270 4034 171 or ces pensées mortes depuis des millénaires

132 3489 4367 241 avaient le fade goût des grands mammouths glacés

74 3776 3687 199 Les os ou songe-creux venaient des ossuaires

93 3991 3855 230 en danse macabre aux plis de mon cervelet

74 4275 4626 184 et tous ces mets criaient des choses non-pareilles

74 4529 1808 187 mais nom de Dieu

85 4755 2850 226 ventre affamé n'a point d'oreilles

54 5020 3976 214 Et les convives mastiquaient à qui mieux mieux

66 5211 4303 249 ah nom de dieu qu'ont donc crié ces entrecôtes

70 5437 3886 253 Ces grands pâtés ces os à moëlle et mirotons

74 5690 3714 269 langues de feu où sont-elles mes pentecôtes

85 5975 4280 257 Pour mes pensées de tous pays de tous les temps

105 6267 838 168 CHANTRE

105 6532 3753 191 Et l'unique cordeau des trompettes marines

152 6782 1017 198 CRÉPUSCULE
