4958 7016
163 140 4506 218 écrits en forme de dessins et non de forme classique

159 463 1708 176 en vers et strophes)

190 763 3902 246 Il fut le chantre de nombreuses avant-gardes

159 1126 1996 175 artistiques de son temps

132 1442 3734 167 notamment du cubisme et de l'orphisme

148 1738 4517 214 à la gestation desquelles il participa en tant que

152 2050 4291 222 poète et théoricien de l'Esprit nouveau Note 2

155 2394 2269 201 Précurseur du surréalisme

163 2701 4420 195 il en forgea le nom dans son drame Les Mamelles

167 3040 1622 187 de Tirésias (1917)

187 3332 982 203 Biographie

183 3695 709 152 Jeunesse

187 3917 4603 261 Apollinaire est en réalité jusqu'à sa naturalisation

148 4219 3909 232 en 1916 le cinquième prénom de Guillaume

152 4568 3430 249 Albert Vladimir Alexandre Apollinaire

187 4969 1321 191 de Kostrowitzky

148 5304 744 187 Sa mère

113 5601 1886 206 Angelika Kostrowicka

116 5850 4686 242 est née à Nowogrodek dans l'Empire russe (aujourd'hui

120 6132 2436 260 Navahrudak en Biélorussie)

66 6462 4248 230 dans une famille de la petite noblesse polonaise
