4958 7016
261 158 2159 239 Après la mort de son père

296 444 4139 300 camérier honorifique de cape et d'épée du pape

245 838 1696 206 elle demeure à Rome

265 1048 4155 288 où elle devient la maîtresse d'un noble et a une

198 1449 1579 188 grossesse non désirée

132 1678 4241 309 Son fils naît le 25 août 1880 et il est déclaré

148 2011 3847 257 à la mairie comme étant né le 26 août

202 2315 3937 257 1880 4 d'un père inconnu et d'une mère

105 2701 2081 175 voulant rester anonyme

62 2938 4412 226 de sorte que l'administration l'affubla d'un nom

85 3254 1996 238 de famille d'emprunt

148 3609 865 191 Dulcigny

109 3804 4030 304 Angelika le reconnaît quelques mois plus tard

140 4143 2545 257 devant notaire comme son fils

74 4431 4092 320 sous le nom de Guglielmo Alberto Wladimiro

132 4782 3730 285 Alessandroi Apollinare de Kostrowitzky 5

155 5207 3255 277 Selon l'hypothèse la plus probable

132 5569 3060 246 son père serait un officier italien

155 5850 2795 277 Francesco Flugi d'Aspermont 6

171 6283 760 195 En 1882

175 6563 2417 234 elle lui donne un demi-frère
