4958 7016
194 140 2094 195 Alberto Eugenio Giovanni

222 444 847 175 En 1887

148 674 4295 238 elle s'installe à Monaco avec ses fils sous le nom

175 1017 2003 226 d'Olga de Kostrowitzky

190 1325 807 167 Très vite

167 1512 4295 226 elle y est arrêtée et fichée par la police comme

159 1859 1177 226 femme galante

163 2085 4397 261 gagnant probablement sa vie comme entraîneuse dans

140 2494 1485 160 le nouveau casino

190 2779 1072 159 Guillaume

159 2985 3847 281 placé en pension au collège Saint-Charles

167 3320 2690 242 dirigé par les frères Maristes

140 3624 3239 246 y fait ses études de 1887 à 1895

81 3956 3532 257 et se révèle l'un des meilleurs élèves

175 4373 440 167 Puis

89 4607 3325 226 il est inscrit au collège Stanislas

93 4899 4050 261 lycée Stanislas de Cannes et ensuite au

74 5219 4517 253 lycée Masséna de Nice où il échoue à son premier

113 5538 3083 246 baccalauréat 7 et ne se présente

113 5915 1227 220 représente pas

109 6174 3309 269 Durant les trois mois de l'été 1899

70 6552 1863 226 sa mère l'a installé
