4958 7016
179 148 1122 187 avec son frère

140 393 4377 195 à la pension Constant de la petite bourgade wallonne

171 650 1006 191 de Stavelot

163 884 1953 226 pension qu'ils quittent

120 1184 1177 188 le 5 octobre 8

89 1449 1700 199 à la cloche de bois

128 1708 4303 279 leur mère ne leur ayant envoyé que l'argent du train

85 2015 3341 288 ils ne peuvent payer la note de l'hôtel

136 2358 2109 218 et doivent fuir en secret

152 2564 3184 257 une fois tout le monde endormi 9

179 2810 4642 308 L'épisode wallon féconde durablement son imagination

179 3227 1177 152 et sa création

171 3394 4214 273 Ainsi de cette époque date le souvenir des danses

167 3675 4023 289 festives de cette contrée (C'est la maclotte qui

187 4053 740 218 sautille)

116 4330 1041 183 dans Marie

132 4513 2721 289 Cellui Celui des Hautes Fagnes

116 4790 4007 269 ainsi que l'emprunt au dialecte wallon 10

113 5156 1941 215 La mère d'Apollinaire

167 5375 4155 315 Journal de Paul Léautaud au 20 janvier 1919

105 5628 3983 370 Je vois entrer une dame {la mère d'Apollinaire

74 5979 4096 276 dans le bureau de Léautaud au Mercure de

120 6357 1910 253 France} assez grande

136 6672 682 227 élégante
