4958 7016
163 120 2066 199 d'une allure un peu à part

155 366 4097 234 Grande ressemblance de visage avec Apollinaire

198 686 3083 237 ou plutôt d'Apollinaire avec elle

187 1048 654 183 le nez

159 1336 1357 180 un peu les yeux

187 1559 4455 214 surtout la bouche et les expressions de la bouche

116 1890 2998 168 dans le rire et dans le sourire

171 2151 2651 214 Elle me paraît fort originale

167 2451 1064 199 Exubérante

152 2705 4517 202 Une de ces femmes dont on dit qu'elles sont un peu

109 3005 951 171 hors cadre

93 3250 4416 215 Eune En une demi-heure elle me raconte sa vie

77 3656 523 132 russe

50 3825 1329 263 jamais mariée

58 4077 4560 265 mot nombreux voyages toute l'Europe ou presque

46 4346 4307 311 (Apollinaire m'apparaît soudain ayant hérité en

19 4643 4151 307 imagination de ce vagabondage) né à Rome

58 5022 2413 240 Elle ne me dit rien du père

62 5250 4108 331 Elle me parle de l'homme avec lequel elle vit

46 5616 4179 250 depuis 25 ans son ami un Alsacien grand

27 5924 2436 253 joueur tantôt plein d'argent

23 6318 1914 171 tantôt sans un sou

50 6641 2148 180 Elle ne manque de rien
