4958 7016
237 148 1793 230 Dîners chez Paillard

241 506 616 164 Prunier

216 678 2046 286 Café de la Paix etc

190 993 3625 285 Elle me dit qu'elle a plusieurs fois installé

206 1313 2152 281 l'avoir comblé d'argent

145 1590 3924 339 En parlant de lui elle dit toujours Whilelm

128 2124 745 218 Wilhelm

155 2401 3824 272 Sentiments féroces à l'égard de la femme

152 2763 1122 211 d'Apollinaire

183 2970 3851 280 Elle me dépeint comme un fils peu tendre

179 3297 3882 288 intéressé souvent emporté toujours à demander

93 3730 1017 214 de l'argent

101 3933 4081 296 et peu disposé à en donner quand il en avait

155 4265 3641 260 Elle ne m'a pas caché son âge 52 ans

187 4626 2779 218 Fort bien conservée pour cet âge

124 4908 3352 276 surtout élancée et démarche légère

113 5269 545 168 aisée

155 5480 2822 230 À Parisot Paris En 1900

113 5809 1995 240 il s'installe à Paris

155 6131 4257 222 centre des arts et de la littérature européenne

171 6417 3668 228 à l'époque Il y vit dans la précarité

233 6674 1871 275 Sa mère lui suggère
