4958 7016
296 202 1535 234 pour gagner sa vie

198 389 4035 367 de passer un diplôme de sténographie et il

206 700 4529 379 devient employé de banque comme son demi-frère

229 1161 2351 234 Alberto Eugenio Giovanni

210 1410 4510 336 L'avocat Esnard l'engage un mois comme nègre

245 1804 3917 250 pour écrire le roman-feuilleton Que faire

229 2171 1474 179 dans le Matin

257 2498 2448 203 mais refuse de le payer

292 2715 4178 297 Pour se venger il séduit sa jeune maîtresse

257 3114 257 156 11

190 3270 4019 273 En juillet 1901 il écrit son premier article

148 3710 1079 176 pour Tabarin

194 3979 4522 246 hebdomadaire satirique dirigé par Ernest Gaillet

194 4322 2296 187 puis en septembre 1901

214 4614 4311 203 ses premiers poèmes paraissent dans la revue

187 4969 4018 218 La Grande France sous son nom Wilhelm

132 5336 1204 214 Kostrowitzky

74 5632 300 183 12

101 5918 3001 221 De mai 1901 au 21 août

105 6306 565 187 1902

116 6499 4456 300 il est le précepteur de la fille d'Élinor Hölterboff
