4958 7016
167 113 1859 187 vicomtesse de Milhau

148 335 4112 257 d'origine allemande et veuve d'un comte français

171 631 4186 312 Il tombe amoureux de la gouvernante anglaise de

136 1075 1310 234 la petite fille

132 1457 1368 250 Annie Playden

175 1789 2413 218 qui refuse ses avances 13

179 2077 3835 230 C'est alors la période rhénane dont ses

163 2412 3477 215 recueils portent la trace (La Lorelei

198 2724 1630 238 Schinderhannes)

187 3102 3340 179 De retour à Paris en août 1902

175 3426 4362 195 il garde le contact avec Annie et se rend

163 3689 3676 224 auprès d'elle à deux reprises à Londres

152 4053 1539 187 Mais en 1905

152 4318 2775 234 elle part pour l'Amérique

159 4634 4389 249 Le poète célèbre la douleur de l'éconduit dans

163 5043 589 160 Annie

155 5221 2401 270 La Chanson du mal-aimé

97 5522 4081 270 L'Émigrant de Landor Road Rhénanes 5

85 5912 2526 227 La Joconde est retrouvée

81 6216 3259 223 Le Petit Parisien numéro 13559

132 6559 1680 195 13 décembre 1905

136 6805 440 175 1913
