4958 7016
249 155 1922 230 Entre 2002 et 2007

214 510 3835 222 il travaille pour divers organismes boursiers

229 788 4311 252 et parallèlement publie contes et poèmes dans

218 1184 1091 172 des revues

175 1501 3711 225 Il prend à cette époque pour pseudonymes

194 1870 4413 223 Apollinaire d'après le prénom de son grand-père

202 2233 846 171 maternel

155 2482 959 187 Apollinaris

140 2697 4295 230 qui rappelle Apollon dieu de la poésie 14

113 3040 4552 238 En novembre 1903 il crée un mensuel dont

171 3289 4323 277 il est rédacteur en chef Le festin d'Ésope

136 3695 4568 206 revue des belles lettres 15 dans lequel il publie

128 4019 4545 217 quelques poèmes on y trouve également des

109 4346 4209 245 textes de ses amis André Salmon Alfred Jarry

85 4728 1817 210 Mécislas Golberg

93 5074 2534 188 entres autres En 1907

70 5421 4338 215 il rencontre l'artiste peintre Marie Laurencin

85 5753 4171 175 Ils entretiendront une relation chaotique et

85 6064 2647 199 orageuse durant sept ans

85 6388 4452 226 À cette même époque il commence à vivre de sa

132 6687 4015 215 plume et se lie d'amitié avec Pablo P 16
