4958 7016
202 167 2296 187 Antonio de La Gandara

249 436 1547 226 Jean Metzinger

233 779 1443 191 Paul Gordeaux

190 1050 1415 216 André Derain

198 1391 2483 218 Edmond-Marie Poullain

214 1691 4459 215 Maurice de Vlaminck et le Douanier Rousseau

229 2015 4191 237 se fait un nom de poète et de journaliste

233 2381 659 179 Note 3

128 2615 3723 265 de conférencier et de critique d'art à

120 3020 1692 203 L'Intransigeant

40 3332 433 193 17

136 3593 4404 203 En 1909 L'Enchanteur pourrissant son oeuvre

128 3848 4296 256 ornée de reproductions de bois gravés d'André

126 4223 4333 263 Derain est publiée par le marchand d'art

144 4587 4393 257 Daniel-Henry Kahnweiler Le 7 septembre

105 4925 4494 227 1911 accusé de complicité de vol de La

179 5277 3972 269 Joconde parce qu'une de ses relations

132 5607 3882 259 avait dérobé des statuettes au Louvre

109 5932 4338 245 il est emprisonné durant une semaine à la prison

85 6259 4335 246 de la Santé cette expérience le marque Note 4

85 6626 4179 210 Cette année-là il publie son premier recueil de
