4958 7016
187 125 506 186 poèmes

183 253 4299 296 Le Bestiaire ou Cortège d'Orphée orné des gravures

167 506 3875 312 de Raoul Dufy En 1913 les éditions du

179 841 3095 281 Mercure de France éditent Alcools

171 1153 3800 308 somme de son travail poétique depuis 1888

179 1582 417 203 1898

128 1917 199 205 5

120 2213 1996 219 Le 24 décembre 1913

97 2467 4147 312 enregistre Le Pont Mirabeau et Le Voyageur

105 2802 4295 257 aux Archives de la Parole documents sonores

113 3091 4599 264 conservés à la Bibliothèque nationale de France

148 3418 3204 242 et écoutables dans Gallica 18

116 3831 998 183 La guerre

105 4003 4662 265 Dossier de naturalisation de Guillaume Kostrowitzky

97 4308 1356 260 dit Apollinaire

109 4572 4291 261 Archives nationales de France En août 1914

105 4830 4529 315 il tente de s'engager dans l'armée française

144 5238 627 187 Note 5

97 5453 4443 265 mais le conseil de révision ajourne sa demande

62 5764 4420 250 car il n'a pas la nationalité française Lou et

77 6087 4385 246 Madeleine il part pour Nice où sa seconde

42 6446 3785 223 demande en décembre 1914 sera acceptée
