4958 7016
222 116 4455 191 ce qui lancera sa procédure de naturalisation 19

202 399 1902 201 Peu après son arrivée

214 666 4584 246 un ami lui présente Louise de Coligny-Châtillon

241 974 4319 242 lors d'un déjeuner dans un restaurant

249 1278 3952 210 niçois Divorcée elle demeure chez son

253 1627 3492 204 ex-belle-soeur à la Villa Baratier

155 1980 2476 198 dans les environs de Nice

93 2281 2604 194 et mène une vie très libre

218 2502 4092 319 GA s'éprend aussitôt d'elle la surnomme Lou

148 2931 2907 179 et la courtise d'abord en vain

179 3190 3987 240 Puis elle lui accorde ses faveurs les lui

144 3497 4350 217 retire et quand il est envoyé faire ses classes

171 3795 4280 227 à Nîmes après l'acceptation de sa demande

222 4091 1422 219 d'engagement

155 4397 3770 241 elle l'y rejoint pendant une semaine

159 4696 4296 242 mais ne lui dissimule pas son attachement

206 5000 4338 234 pour un homme qu'elle surnommait Toutou

120 5277 3867 273 Une correspondance naît de leur relation

109 5576 4315 294 au dos des lettres qu'Apo envoyait au début

253 5983 3827 214 au rythme d'une par jour ou tous les

152 6356 3765 215 deux jours puis de plus en plus espacées

179 6685 4163 225 se trouvent des poèmes qui furent rassemblés
