4958 7016
268 74 1135 276 (1909) Note 8

187 381 1808 277 Kunstmuseum (Bâle)

167 631 4042 288 Cette section ne cite pas suffisamment ses sources

194 951 1431 265 (décembre 1916)

237 1325 421 187 2016

175 1516 4280 276 Influencé par la poésie symboliste dans

257 1916 1083 231 sa jeunesse

159 2171 4050 284 admiré de son vivant par les jeunes poètes

163 2533 4401 230 qui formèrent plus tard le noyau du groupe

194 2829 3742 254 surréaliste (Breton Aragon Soupault)

179 3172 4085 211 est l'inventeur du terme surréalisme)

120 3484 3910 238 il révéla très tôt une originalité qui

167 3843 3875 222 l'affranchit de toute influence d'école

155 4182 4191 230 et qui fit de lui un des précurseurs de la

187 4489 3519 258 révolution littéraire de la première

167 4859 2191 196 moitié du 20e siècle

206 5175 3960 246 Son art n'est fondé sur aucune théorie

155 5524 2877 201 mais sur un principe simple

116 5861 4167 192 l'acte de créer doit venir de l'imagination

124 6197 2947 226 de l'intuition car il doit

171 6544 3333 199 se rapprocher le plus de la vie
