4958 7016
218 222 1169 171 de la nature

222 441 4038 260 Cette dernière est pour lui une source pure à

214 775 3652 261 laquelle on peut boire sans crainte de

187 1122 3929 230 s'empoisonner (oeuvres en prose complètes

202 1442 1010 206 Gallimard

202 1792 573 168 1977

111 2063 631 246 p 49)

218 2386 3527 248 Mais l'artiste ne doit pas l'imiter

132 2724 4327 226 il doit la faire apparaître selon son propre

167 3028 3411 238 point de vue Je suis partisan

124 3348 3910 202 acharné d'exclure l'intervention de

89 3698 1481 195 l'intelligence

109 3952 4283 222 c'est-à-dire de la philosophie et de la

120 4240 4237 258 logique dans les manifestations de

132 4622 589 183 l'art

109 4873 3332 244 qui fait sa vérité du sol qui

62 5172 4412 234 contient les morts (Méditations esthétiques

62 5499 3009 293 Partie I Sur la peinture)

58 5905 3036 230 C'est ainsi que le galigramme

46 6203 4502 257 calligramme Note 9 substitue la linéarité à

7 6483 4756 283 la simultanéité et constitue une création poétique
