4958 7016
167 73 2865 215 Paris Les Presses du Réels 2018

183 381 4326 203 (L'ensemble des poèmes écrits par Apollinaire

210 617 4366 275 entre 1914 et 1918) réunis pour la première

204 947 4227 322 fois méticuleusement retranscrits d'après

144 1266 4318 230 les manuprimes eux-mêmes (reproduits en

155 1551 835 214 annexe)

198 1870 1848 156 Romans et contes

144 2182 4338 203 Mirely ou le petit Trou pas cher roman

163 2463 4479 214 érotique écrit sous pseudonyme pour un

155 2755 4323 215 libraire de la rue Saint-Roch à Paris

155 3106 4385 211 1900 (ouvrage perdu) Que faire roman

210 3438 3878 222 feuilleton paru dans le journal Le

140 3715 4167 264 Matin signé Esnard auquel G A

140 4048 3894 216 sert de nègre Les Onze Mille

140 4420 4436 230 Verges ou les Amours d'un hospodar

140 4763 900 194 Note 10

179 5005 4435 241 roman érotique publié sous couverture

124 5363 1532 206 muette 1807

132 5718 565 183 1907

128 5972 4058 276 L'Enchanteur pourrissant illustré de

58 6306 3982 277 gravures d'André Derain Kahnweiler

67 6704 4629 252 1909 L'Hérédisiarque et Cie contes Stock
