4958 7016
261 128 4085 279 Les Exploits d'un jeune Don Juan roman

190 400 4218 223 érotique publié sous couverture muette en

155 767 4397 191 1911 Le roman a été adapté au cinéma

198 1134 4315 222 en 1987 par Gianfranco Mingozzi sous

179 1477 4225 199 le même titre La Rome des Borgia

171 1851 4076 230 qui est en fait de la main de René

167 2194 3621 191 Dalize Bibliothèque des Curieux

101 2537 4174 238 1913 La fin de Babylone L'histoire

140 2899 4338 199 romanesque 13 Bib des curieux 1914

167 3135 3645 361 Les Trois Don Juan l'histoire

70 3515 4390 226 roman 23 1915 le Poète assassiné

89 3830 3890 235 contes L'Édition 1916 La femme

132 4205 628 156 assise

105 4412 4018 245 inachevé édition posthume Gallimard

109 4774 4034 317 1920 Version digitale chez Gallica 28

93 5088 2561 339 Les épingles contes 1928

128 5449 4377 222 Le corps et l'Esprit (Inventeurs médecins et

105 5760 4336 312 savants fous) Bibliogs Collection Sérendipité

89 6111 4568 303 2016 Contient les contes Chirurgies esthétiques

105 6419 4174 334 et Traitement thyroïdien publiés en 1918
