4958 7016
233 88 2682 223 Ouvrages critiques et chroniques

171 381 3337 207 La Phalange nouvelle conférence 1909

167 623 4202 234 L'Oeuvre du Marquis de Sade pages choisies

132 914 4159 231 introduction essai bibliographique et notes

206 1220 2721 198 Paris Bib des Curieux 1909

202 1506 4315 212 Première anthologie publiée en France sur le

144 1867 1867 202 Marquis de Sade

152 2182 4006 211 Les Poémes de l'année conférence 1909

134 2432 3906 377 Les Poètes aujourd'hui conférence 1909

128 2751 4588 297 Le Théâtre italien encyclopédie littéraire illustrée

35 3094 643 215 1910

116 3387 4300 237 Pages d'histoire chroniques des grands siècles

146 3706 3975 211 de France chronique historique 1912

140 4026 2795 195 La Peinture moderne 1913

148 4318 4330 199 Les Peintres cubistes méditations esthétiques

125 4577 3881 260 Eugène Figuière et Cie éditeurs 1913

152 4930 4139 199 Collection Tous les Arts réédition Hermann

171 5234 3325 199 1965 (ISBN 978-2-7056-5916-5)

144 5550 4545 218 L'Antitradition futuriste manifeste synthèse 1913

132 5822 4081 254 L'Enfer de la Bibliothèque nationale avec Fernand

167 6178 4459 311 Fleuret et Louis Perceau Mercure de France Paris

93 6501 2479 298 1913 (2e édition en 1919)
